2700 4576
652 264 692 327 14

150 457 204 500 eae
217 456 277 514 res,
301 455 381 518 quae
397 435 622 518 proponuntur
637 432 673 496 in
688 432 762 510 illis,
783 432 1007 498 aooomodatae
1022 434 1088 498 sint
1103 434 1200 499 rebus

147 538 346 605 illustrandis
367 559 404 602 ao
433 538 557 621 dignae.
602 535 762 601 Nonnulli
790 557 865 601 vero
894 536 957 602 looi
984 538 1026 602 ab
1054 537 1116 603 bae
1148 561 1200 603 ra·

148 642 452 709 tioneabborrent:

234 747 293 814 Sil.
315 745 404 814 XIV.
428 745 490 810 189
513 766 579 828 seq.

277 851 372 916 Haud
394 871 485 915 seous
507 849 641 915 Eridani
662 850 787 934 stagnis
808 850 919 935 ripave
941 849 1068 935 Caystri
1103 912 1106 916 .

275 956 409 1022 Innatat
429 955 522 1019 albus
543 954 613 1018 olor
635 974 802 1038 pronoque
824 954 988 1020 immobile
1010 977 1126 1041 corpus

278 1061 344 1126 Dat
366 1060 465 1124 fluvio
488 1061 522 1123 et
543 1059 657 1123 tacitas
680 1058 815 1143 pedibus
837 1060 994 1144 eremigat
1016 1061 1124 1126 undas.

148 1163 319 1229 Marcellus
340 1163 407 1247 qui,
431 1182 625 1245 quamquam
647 1161 772 1225 dest'tit
790 1162 831 1226 ab
845 1163 1089 1246 oppugnatione
1101 1162 1199 1248 Syra·

149 1287 349 1344 ousanorum,
372 1273 480 1329 tamen
503 1265 569 1330 suis
591 1265 686 1329 rebus
710 1266 803 1329 timet
826 1268 921 1349 atque
945 1268 1079 1331 consilia
1092 1270 1198 1333 versat

147 1376 265 1450 animo,
289 1373 494 1454 eomparatur
516 1391 588 1434 oum
606 1370 693 1434 olore
715 1371 806 1434 ouius
828 1392 944 1455 eorpus
966 1373 1046 1436 illud
1069 1372 1198 1456 quidem

148 1497 214 1540 non
253 1473 379 1537 videtur
411 1473 549 1550 moveri,
587 1473 640 1536 sed
679 1474 774 1556 pedes
807 1476 1003 1557 sempiterno
1037 1477 1199 1539 iactantur

149 1581 250 1644 motu.
295 1576 358 1641 Res
379 1578 484 1661 magis
507 1576 698 1640 obscuratur
721 1598 817 1660 quam
839 1578 1021 1643 illustratur
1043 1580 1199 1644 haooom·

148 1683 326 1768 paratione.

235 1785 290 1851 Sil.
315 1784 386 1850 Vll.
411 1784 473 1848 120
498 1805 564 1867 seq.

256 1889 302 1955 Ut
324 1888 470 1953 Thetidis
490 1888 597 1972 proles
619 1886 770 1970 Phrygiis
792 1886 950 1952 Vulcania
972 1890 1094 1973 eampis

255 1996 353 2060 Arma
375 1995 459 2071 tulit,
494 1993 597 2077 olipeo
620 1993 785 2076 amplexus
808 1996 991 2077 terramque
1013 1995 1197 2079 polumque,

256 2099 503 2181 Maternumque
513 2096 642 2175 fretum,
655 2100 823 2180 totumque
837 2097 870 2159 in
882 2098 1020 2181 imagine
1032 2100 1197 2165 mundum.

146 2202 230 2268 Mira
252 2203 333 2268 haee
347 2202 543 2286 comparatio
561 2204 620 2265 est.
655 2199 818 2264 Hannibal
832 2202 918 2265 enim
934 2202 973 2266 ad
989 2205 1198 2287 pugnandum

147 2309 275 2372 lacessit
296 2307 432 2371 Fabium
456 2327 553 2389 quum
577 2305 769 2388 obequitans
792 2306 859 2369 eius
878 2307 989 2370 castris
1004 2308 1198 2372 etemittens

148 2412 273 2476 hastam
296 2411 465 2476 simulacra
488 2410 578 2493 quasi
602 2410 667 2473 edit
683 2430 821 2492 pugnae.
867 2409 953 2474 Haeo
969 2421 1198 2496 comparantur

148 2538 221 2581 oum
252 2519 297 2582 eis
329 2515 440 2592 rebus,
476 2536 559 2598 quae
590 2515 623 2577 in
647 2517 736 2577 souto
761 2512 896 2578 Achillis
927 2516 1071 2599 sculptae
1096 2520 1196 2581 erant.

148 2620 293 2686 Tertium
316 2620 564 2704 comparationis
593 2619 626 2682 in
650 2639 687 2682 eo
717 2622 863 2683 versatur
886 2620 990 2702 quod,
1023 2624 1061 2683 ut
1082 2621 1117 2684 iu
1139 2623 1196 2685 illo

149 2728 238 2790 souto
261 2745 327 2788 non
348 2724 510 2807 nosipsos,
528 2722 581 2786 sed
596 2721 753 2806 imagines
767 2725 895 2786 tantum
911 2743 1018 2786 rerum
1032 2745 1197 2809 expressae

148 2831 251 2905 erant,
273 2827 318 2891 sio
339 2825 506 2891 Hannibal
532 2846 597 2889 non
628 2846 718 2890 veras
748 2846 873 2910 pugnas
895 2826 949 2891 sed
971 2827 1063 2891 fictas
1086 2847 1123 2892 ao
1144 2849 1199 2892 va·

148 2953 206 2996 nas
228 2931 335 2996 edidit.

236 3034 346 3119 Longe
380 3036 483 3120 petita
515 3035 619 3119 magis
649 3054 745 3117 quam
768 3032 901 3117 pulchra
923 3040 972 3098 est
992 3035 1049 3099 illa
1070 3046 1198 3120 compa*

149 3142 233 3206 ratio
256 3139 331 3206 XV.
354 3140 417 3205 485
441 3160 506 3224 seq.
529 3160 546 3204 e
569 3160 632 3222 qua
655 3158 847 3221 cognoscere
870 3140 972 3221 possis
995 3139 1108 3204 Silium
1131 3162 1198 3205 non

148 3245 295 3307 aoourato
318 3243 445 3307 novisse
466 3243 621 3306 librorum
643 3245 801 3318 naturam,
824 3241 877 3304 sed
902 3241 991 3326 vulgi
1012 3245 1197 3325 opinionem

148 3350 292 3413 secutum
314 3368 391 3411 esse.

237 3450 419 3516 Obsooenas
440 3450 705 3535 comparationes,
729 3448 837 3532 qualos
860 3449 945 3534 apud
963 3450 1041 3535 Pap.
1058 3450 1196 3515 Statium

149 3557 359 3623 inveniuntur
382 3555 436 3641 (ol.
461 3555 583 3620 Krause
604 3555 626 3618 l.
650 3576 675 3616 o.
700 3574 731 3636 p.
754 3554 810 3637 20)
838 3552 933 3618 Silius
956 3576 1022 3619 non
1044 3555 1152 3621 habet.

236 3662 352 3728 Pottas
376 3662 537 3726 Romanos
559 3663 594 3724 in
613 3659 905 3744 comparationibus
921 3659 1005 3724 haud
1022 3682 1094 3726 raro
1118 3661 1197 3725 artis

149 3766 297 3833 habuisse
323 3767 479 3831 rationem
503 3765 560 3853 (el.
572 3764 719 3848 Propert.
731 3761 756 3828 1.
771 3763 801 3825 3.
816 3762 848 3846 1)
872 3765 983 3826 notum
999 3768 1056 3827 est.
1101 3765 1196 3850 Apud

150 3870 263 3937 Silium
296 3892 397 3935 unum
432 3871 613 3955 exemplum
643 3869 678 3931 in
700 3867 824 3931 venisse
848 3865 928 3929 mihi
951 3868 1074 3945 videor,
1111 3871 1197 3953 quod

149 3975 214 4041 buo
234 3973 346 4040 referri
369 3975 487 4059 possit:
519 3973 576 4039 XI.
600 3973 662 4036 245
687 3992 752 4054 seq.
796 3968 885 4034 Haeo
907 3973 1105 4055 comparatio
1128 3995 1199 4038 ver·

150 4088 239 4148 satur
261 4078 296 4143 in
318 4078 507 4142 illustrando
531 4073 725 4157 Hannibale,
747 4074 803 4156 qui
825 4073 882 4137 ubi
897 4073 1039 4158 Capuam
1053 4075 1196 4157 intravit,
