2700 4576
614 227 653 290 15

113 405 248 471 Decium
276 403 312 466 in
340 399 468 467 vincula
497 397 634 463 coniecit
662 396 748 481 quod
778 397 874 463 fidem
895 397 1049 463 Romanis
1071 418 1163 482 prae·

113 508 258 572 standum
281 527 349 569 asse
370 505 554 569 censuerat:

242 610 355 675 Illatus
377 609 466 674 velut
489 608 643 672 armentis
665 628 762 691 super
784 606 882 672 ardua
904 608 987 672 colla

244 713 350 790 Quum
371 735 438 779 sese
459 712 622 796 imposuit,
645 712 810 796 victorque
831 712 970 776 immane
992 711 1052 775 sub
1074 711 1123 774 ira

243 819 415 884 Infremuit
437 818 487 883 leo
512 820 545 882 et
566 817 726 881 immersis
742 817 849 898 gravis
864 796 1027 902 uirgnibns
1040 815 1145 880 haesit

243 923 370 989 Mandit
392 923 600 987 anhelantem
622 922 766 1007 pendens
787 922 909 987 cervice
930 925 1113 988 iuvencum.

205 1029 298 1106 Eum,
322 1029 378 1112 qui
401 1046 533 1112 operam
555 1026 643 1091 dedit
665 1026 905 1109 archaeologiae
934 1048 999 1092 non
1023 1025 1166 1110 effugiet,

118 1137 242 1219 quanta
271 1132 448 1196 similitudo
477 1131 657 1195 intercedat
687 1132 774 1195 inter
795 1129 892 1194 huius
915 1131 978 1195 loci
1000 1130 1167 1195 materiem

118 1243 151 1302 ct
171 1237 328 1321 imagines
349 1236 384 1299 in
405 1236 546 1299 nummis
564 1234 797 1312 Acanthiorum
821 1255 994 1317 expressas.

206 1340 284 1406 Non
306 1340 627 1425 praetermittendum
650 1340 776 1404 videtur
799 1361 876 1416 esse,
899 1339 985 1424 quod
1003 1338 1111 1422 Silius,
1133 1341 1169 1402 ut

120 1447 175 1511 alii
198 1468 326 1530 quoque
349 1449 464 1530 politae
487 1446 567 1529 epici
591 1445 695 1508 solent
718 1443 840 1521 faeere,
862 1445 898 1508 in
920 1444 1170 1529 comparationi-

120 1552 180 1617 bus
201 1573 262 1637 pro
291 1551 478 1615 notionibus
508 1550 711 1633 generalibus
735 1555 767 1613 et
791 1550 948 1613 universis
978 1549 1081 1612 utitur
1103 1551 1171 1613 siu-

121 1654 294 1739 galeribus.
338 1654 410 1718 Hoc
433 1675 491 1716 usu
515 1657 547 1717 st
569 1653 738 1717 dilucidior
760 1653 799 1716 fit
824 1675 927 1719 sermo
947 1662 981 1718 et
996 1653 1170 1717 venustior.

123 1758 209 1824 Nam
232 1780 339 1842 quum,
362 1762 399 1821 ut
421 1758 566 1842 exemplo
589 1762 663 1821 utar
685 1758 718 1820 in
734 1757 946 1842 significanda
960 1758 1172 1822 viveutorum

123 1863 204 1929 dicit
224 1865 263 1928 de
287 1862 399 1940 Borea,
424 1865 511 1926 certa
533 1883 569 1925 ac
591 1861 724 1926 definita
756 1866 866 1926 nostro
889 1863 996 1926 animo
1019 1862 1173 1946 proponi·

123 1975 178 2033 tur
209 1968 332 2050 imago,
366 1988 471 2050 neque
507 1968 650 2050 cogimur
681 1966 829 2030 meditari
852 1967 890 2032 de
914 1967 1047 2031 diversis
1069 1967 1174 2039 ventis

127 2093 184 2136 nec
209 2073 300 2135 cuius
332 2072 471 2134 maxima
501 2070 543 2133 sit
565 2070 612 2133 vis
634 2090 796 2153 quaerere.
842 2071 986 2151 Augetur
1010 2092 1085 2135 vero
1110 2092 1175 2135 ser-

124 2177 229 2241 monis
242 2179 401 2254 vanustas,
417 2176 503 2258 quod
516 2176 704 2259 plerumque
721 2175 905 2239 adiciuntur
915 2196 1025 2239 eorum
1037 2175 1173 2238 marium

124 2282 174 2345 vel
196 2268 355 2345 terrarum
385 2281 527 2356 nomina,
549 2280 584 2343 in
607 2280 723 2362 quibus
745 2278 865 2343 Boreae
895 2279 1090 2343 vastationes
1112 2278 1176 2341 inr-

126 2387 239 2471 primis
271 2389 455 2450 cernuntur.
509 2383 624 2467 Neque
656 2406 731 2448 vero
767 2383 819 2448 hie
848 2406 924 2447 usus
945 2383 1029 2467 apud
1060 2382 1174 2447 Silium

126 2495 194 2553 tam
217 2489 282 2552 late
305 2491 396 2571 patet
417 2508 513 2570 quam
537 2487 621 2570 apud
644 2488 724 2551 alios
742 2491 856 2571 poetas
878 2487 996 2571 epicos,
1019 2508 1091 2551 cnm
1109 2508 1176 2551 sae·

128 2612 303 2678 penumero
326 2595 437 2655 noster
458 2591 641 2674 acquiescat
662 2592 697 2655 in
720 2592 853 2656 notione
875 2593 1034 2656 universa.

215 2696 387 2761 Videamus
409 2696 571 2780 exempla:
605 2697 798 2761 animalibus
829 2697 956 2760 additur
983 2698 1050 2761 eius
1071 2700 1178 2762 terrae

129 2801 321 2886 significatio
344 2801 378 2864 in
401 2822 464 2884 qua
476 2800 646 2884 praecipue
660 2799 878 2876 inveniuntur,
902 2823 966 2865 non
981 2823 1053 2866 raro
1069 2823 1178 2886 super·

130 2906 239 2970 addito
261 2905 438 2969 incolarum
462 2905 605 2969 nornine:
633 2903 673 2969 X.
699 2905 773 2968 124:
797 2903 919 2989 Libyca
940 2903 1039 2969 fetam
1061 2906 1178 2970 tellure

130 3008 274 3071 leaenam
297 3014 431 3072 venator
448 3009 566 3092 premit
578 3009 711 3074 Maurus
724 3007 778 3072 IV.
793 3009 868 3072 372:
891 3008 966 3089 Ceu,
983 3031 1081 3092 quum
1095 3011 1180 3075 bella

131 3111 239 3178 leones
262 3118 401 3190 movent,
430 3112 511 3196 fugit
533 3112 665 3177 Maurus
686 3115 866 3197 coniuxque
889 3112 1036 3198 Libyssa3
1067 3114 1182 3199 (absti-

131 3219 204 3282 nuit
232 3217 329 3281 Silius
359 3217 516 3300 singulari
549 3217 677 3281 leonum
707 3218 941 3300 significatione
964 3218 1004 3281 ΙΙ.
1027 3220 1090 3284 683
1113 3240 1180 3302 seq.

132 3320 173 3385 V.
197 3322 260 3386 309
283 3342 346 3404 seq.
369 3318 408 3383 X.
432 3320 493 3385 241
513 3341 578 3403 seq.
602 3318 660 3383 XI.
677 3320 850 3403 243seq.);
872 3320 930 3386 IV.
954 3322 1034 3384 331:
1056 3322 1108 3385 Sic
1123 3318 1180 3385 ubi

135 3423 295 3489 caucasiis
315 3425 411 3509 tigris
428 3446 461 3487 se
481 3424 617 3507 protulit
631 3424 748 3503 antris3
769 3423 841 3488 ΧΠ.
854 3424 936 3489 458;
959 3425 1075 3489 amisso
1087 3425 1182 3509 tigris

136 3526 162 3588 si
185 3528 310 3591 concita
332 3527 402 3592 fetu
424 3529 548 3605 emicet,
572 3528 728 3592 attonitae
751 3528 860 3610 paucis
872 3528 1028 3592 lustratur
1047 3529 1081 3591 in
1096 3528 1183 3592 horis

135 3628 292 3695 Caucasus
314 3635 348 3695 et
368 3632 453 3697 saltu
474 3633 668 3696 tramittitur
686 3631 815 3714 Ganges
837 3632 925 3714 (inde
944 3632 1096 3717 colligere
1109 3654 1183 3716 pos-

135 3756 243 3799 sumus
265 3736 479 3820 geographiae
502 3759 566 3800 non
589 3736 816 3820 peritissimum
844 3735 940 3801 fuisse
962 3737 1092 3814 Silium,
1127 3737 1183 3820 qui

135 3840 279 3924 Gangem
302 3863 402 3925 prope
425 3841 463 3905 ad
487 3840 661 3906 Caucasum
684 3841 783 3905 fluere
807 3842 930 3925 putot);
958 3841 997 3905 V.
1021 3843 1101 3907 280:
1126 3864 1184 3907 ceu

136 3945 252 4028 tigride
275 3965 368 4009 cerva
390 3944 543 4028 Hyrcana
565 3968 664 4029 quum
688 3966 795 4029 pressa
817 3945 944 4020 tremit;
968 3944 1019 4030 (X.
1042 3946 1106 4010 293
1120 3953 1183 4011 ter·

135 4070 190 4113 rae
213 4049 407 4133 significatio
430 4048 659 4133 desideratur);
681 4048 781 4114 XVII.
805 4049 885 4113 447:
910 4048 1012 4132 qualis
1033 4049 1067 4113 in
1090 4051 1187 4114 aesti-

138 4151 212 4219 feris
235 4153 466 4219 Garamantum
490 4155 619 4220 Attollit
641 4155 762 4241 campis
784 4154 867 4218 colla
888 4151 1098 4219 Paraetonius
1121 4176 1186 4219 ser-
