2700 4576
660 188 701 251 23

152 357 337 421 continetur
360 378 436 421 vero
459 357 509 421 his
533 361 632 442 caput
654 358 754 422 totius
776 359 1042 443 comparationis3
1065 361 1121 425 Sil.
1144 359 1202 426 IV.

150 461 323 526 374-376
340 465 372 524 et
389 461 486 553 Verg.
498 460 570 526 XII.
585 463 756 527 717-719
780 463 965 532 describunt
987 467 1201 548 spectantium

151 564 319 641 timorem;
343 563 398 628 Sil.
422 565 478 630 IV.
501 566 674 630 377-378
697 570 731 631 et
753 566 852 652 Verg.
871 566 938 631 XII.
958 568 1128 633 720-722
1151 591 1203 632 ao-

151 671 292 733 curatius
315 673 458 733 traotaut
480 671 518 732 de
542 691 667 753 pugnae
689 671 824 734 ratione.

235 773 308 840 Jam
340 776 594 859 comparationes
624 775 793 839 afferemus
826 776 859 838 iu
892 775 1009 860 quibus
1042 797 1092 840 res
1115 796 1201 839 com-

150 881 280 961 paratae
303 901 369 942 non
391 881 575 963 congruunt
597 900 669 943 cum
693 878 877 963 exemplari.

150 981 206 1047 Sil.
230 983 255 1047 I.
281 983 344 1048 356
369 1003 433 1067 seq.

194 1153 203 1165 „
277 1086 432 1151 Fulminis
456 1087 533 1152 haec
555 1087 629 1165 ritu,
653 1089 785 1152 summis
808 1109 825 1152 e
848 1090 1015 1153 moenibus
1038 1090 1121 1154 arcis

278 1191 392 1272 Incita,
415 1191 571 1254 sulcatum
594 1192 731 1255 tremula
753 1195 839 1255 secat
862 1197 936 1258 adra
958 1193 1096 1257 flamma.

280 1294 389 1370 Qualis
413 1296 589 1378 sanguineo
613 1297 824 1380 praestringit
846 1297 969 1360 lumina
991 1298 1086 1378 crine,

279 1400 328 1464 Ad
351 1404 470 1463 terram
492 1399 579 1464 caelo
603 1401 782 1479 decurrens,
805 1401 900 1484 ignea
923 1402 1055 1486 lampas.

149 1504 300 1591 Apollon.
324 1504 430 1569 Rhod.
452 1503 509 1571 111.
539 1506 621 1567 1376
645 1526 710 1588 seq.

281 1606 356 1681 Οἷος
378 1606 594 1689 δὀὐρανόθεν
616 1605 746 1689 πυρόεις
769 1606 994 1672 ἀναπάλλεται
1015 1606 1112 1693 α’στὴρ

273 1708 395 1774 Ὄλιιὸν
417 1708 609 1788 ὑπαυγάζων
629 1713 721 1792 τέρας
743 1708 912 1794 ανδροῖσιν,
934 1717 967 1775 ot
980 1734 1037 1793 μιν
1053 1712 1195 1789 ἴδωνται,

284 1817 489 1905 Μαρμαρογῇ
511 1817 646 1878 σκοτίοιο
669 1815 711 1878 δι’
736 1816 828 1900 ἠέρος
851 1815 996 1892 ἀΐξαντα.

149 1921 246 1986 Silius
269 1921 468 2006 phalaricae,
501 1920 692 2003 Apollonius
714 1920 842 1984 Jasonis
863 1921 1015 1985 irruentis
1036 1922 1071 1984 in
1095 1920 1199 1985 hostes

149 2025 345 2090 celeritatem
368 2025 520 2088 illustrat.

149 2128 457 2212 fflffiffiQ

276 2233 351 2298 Non
374 2234 478 2311 aliter,
503 2232 605 2296 Pindo
630 2230 824 2316 Rhodopeue
846 2232 994 2297 incendia
1017 2237 1125 2317 pastor

275 2337 378 2413 Quum
402 2339 487 2415 iacit,
512 2339 544 2402 et
566 2336 653 2400 silvis
675 2337 836 2420 spatiatur
850 2336 973 2401 fervida
997 2339 1107 2422 pestis,

278 2441 431 2505 llroudosi
456 2442 623 2524 ignescunt
644 2440 777 2522 scopuli,
802 2438 973 2523 subitoque
997 2441 1144 2523 peralta

277 2544 420 2610 (lollucet
442 2545 515 2627 iuga
542 2544 714 2607 dissultans
736 2541 912 2606 Vulcanius
936 2543 1040 2607 ardor.

147 2649 247 2734 Verg.
271 2650 353 2714 Aen.
375 2648 414 2712 X.
438 2650 501 2712 405
524 2669 589 2732 seq.

276 2754 325 2818 Ac
347 2754 435 2817 velut
458 2756 569 2837 optato
593 2752 696 2816 ventis
719 2754 841 2815 aestate
863 2749 981 2814 coortis

272 2857 426 2943 'Dispersa
448 2857 595 2920 immittit
617 2857 705 2921 silvis
727 2856 875 2920 incendia
898 2857 1017 2939 pastor,

278 2961 440 3046 Correptis
463 2961 570 3025 subito
594 2962 708 3024 mediis
730 2960 913 3025 extenditur
935 2979 998 3021 una

276 3065 417 3129 Horrida
439 3087 496 3149 per
519 3066 601 3129 latos
623 3066 706 3130 acies
728 3065 888 3130 Vulcania
909 3083 1057 3147 campos3

274 3167 334 3233 Ille
357 3169 469 3232 sedens
493 3170 594 3232 vietor
616 3169 761 3233 flammas
784 3169 948 3252 despectat
967 3169 1117 3231 ovantes.-

147 3273 242 3356 Apud
263 3271 387 3336 ,silium
423 3272 509 3355 iguis
539 3272 572 3334 iu
604 3271 746 3334 turribus
769 3269 1012 3354 elephantorum
1035 3289 1194 3346 accensus,

148 3376 232 3462 apud
261 3377 434 3460 Vergilium
464 3396 575 3459 pugna
605 3379 818 3460 comparatur.
864 3373 1009 3438 Tertium
1031 3395 1196 3458 compara-

149 3481 246 3545 tionis
270 3480 404 3544 vertitur
427 3480 462 3542 in
484 3479 661 3543 crescendo

234 3583 418 3667 Sequuntur
441 3582 589 3646 nonnulli
611 3583 684 3658 loci,
714 3581 830 3664 quibus
852 3579 949 3646 Silius
972 3600 1046 3642 usus
1067 3580 1115 3642 ita
1137 3581 1195 3657 est,

145 3691 182 3753 ut
204 3688 337 3752 tertium
359 3687 608 3772 comparationis
630 3688 780 3750 mutaret.

147 3791 202 3857 Sil.
225 3791 249 3856 I.
270 3792 331 3856 461
358 3812 423 3874 seq.

276 3893 371 3960 Crine
394 3897 430 3957 ut
452 3891 641 3958 flammifero
665 3893 765 3956 terret
788 3890 855 3954 fera
878 3911 977 3975 regua
999 3891 1149 3968 cometes,

276 3999 494 4083 Sanguineum
517 4019 673 4083 spargens
694 3998 821 4080 iguem3
844 3996 946 4060 vomit
959 3999 1028 4061 atra
1042 3994 1194 4061 rubentes
