2700 4576
662 262 701 327 21

154 461 204 505 res
223 440 428 523 comparatae
448 436 482 500 et
502 434 634 501 tertium
655 436 903 520 comparationis
924 457 995 501 cum
1018 437 1203 523 exemplari.

154 541 210 606 Sil.
236 541 277 605 Il.
301 543 365 608 683
390 561 455 623 seq.

286 645 351 710 (teu
373 644 560 709 stimulante
583 642 666 706 lame
689 663 788 726 quum
809 644 911 709 victor
932 645 1029 710 ovilla
1052 645 1181 712 tandem

284 749 444 813 Faucibus
467 748 587 813 invasit
607 749 698 811 siccis
721 748 782 826 leo,
806 749 929 812 mandit
951 748 1056 814 hianti

285 851 347 917 Ora
369 851 518 929 fremens,
542 852 661 916 inbelle
684 873 779 937 pecus
802 853 976 937 patuloque
1000 854 1158 919 redundat

199 947 201 952 ’
283 950 422 1020 Gutture
445 959 588 1021 ructatus
610 957 700 1041 large
723 977 819 1020 cruor
842 994 882 1004 -
906 978 932 1020 a.
956 979 987 1041 q.
1010 979 1034 1022 s.

156 1059 250 1143 Verg.
275 1059 356 1124 Aen.
379 1058 436 1124 IX.
460 1060 524 1124 339
547 1079 612 1142 seq.
1127 1049 1130 1054 ’

282 1163 441 1246 Impastus
464 1183 522 1226 cen
546 1162 641 1245 plena
664 1161 715 1226 leo
740 1183 797 1245 per
820 1163 1084 1241 oviliaturbana

285 1267 404 1332 Suadet
429 1267 513 1330 enim
539 1265 788 1343 venumdemus,
812 1268 998 1351 manditque
1020 1267 1185 1352 trahitque

285 1362 381 1433 Molle
404 1389 501 1453 pecus
523 1372 711 1452 mutumque
735 1372 833 1445 metu,
858 1369 968 1434 fremit
990 1391 1044 1434 ore
1059 1374 1203 1436 cruento.

155 1471 251 1536 Silius
274 1471 538 1557 Saguntinorum,
562 1472 724 1556 Vergilius
747 1470 878 1556 Euryali
901 1474 1012 1537 caedes
1042 1474 1203 1538 describit.

61 1607 69 1615 ·
154 1573 283 1639 Praeter
306 1574 392 1639 huno
414 1575 520 1640 locum
544 1573 623 1638 Silio
640 1575 765 1638 videtur
778 1578 852 1639 ante
869 1577 976 1641 oculos
994 1576 1091 1640 luisse
1106 1577 1204 1663 Verg.

153 1678 231 1744 Aen.
256 1676 294 1742 X.
319 1679 380 1741 723
404 1699 469 1761 seq.
494 1678 549 1741 ubi
580 1676 719 1741 Mezenti
752 1679 892 1762 impetus
920 1700 992 1742 cum
1023 1680 1124 1745 leonis
1145 1683 1206 1746 im·

154 1782 232 1864 petu
255 1784 470 1864 comparatur.
517 1780 680 1865 Vergilius
703 1801 777 1844 vero
801 1802 876 1845 usus
899 1803 966 1846 esse
990 1783 1117 1848 videtur
1137 1783 1205 1848 Ho-

153 1885 271 1948 merica
303 1885 560 1969 comparatione,
597 1906 678 1968 quae
708 1886 873 1949 invenitur
893 1885 930 1950 ll.
954 1885 1026 1950 XII.
1050 1888 1113 1952 299
1137 1910 1203 1971 seq.

155 1989 220 2072 (Ad
251 1987 477 2053 illustrandum
507 1989 577 2053 Silii
607 1990 711 2053 locum
740 2011 803 2052 non
829 1995 962 2074 possunt
983 1991 1090 2056 afferri
1110 1992 1204 2057 Hom.

151 2089 187 2154 ll.
210 2089 278 2155 XV.
304 2093 367 2156 323
391 2113 469 2175 seq,
494 2090 552 2156 od.
577 2091 631 2156 VI.
659 2092 720 2154 130
744 2092 825 2176 seq.)

152 2191 208 2258 Sil.
230 2194 269 2259 V.
293 2196 355 2260 605
382 2217 448 2279 seq.

282 2298 328 2364 Ut
351 2302 453 2364 multo
476 2300 616 2363 accensis
639 2298 766 2363 fervore
788 2299 941 2363 exuberat
963 2301 1065 2383 nudis,

283 2401 415 2466 Clausus
438 2403 494 2465 ubi
517 2406 630 2465 exusto
653 2401 761 2485 liquor
783 2402 969 2485 indignatur
991 2407 1081 2467 aeno.

152 2503 252 2588 Verg.
277 2506 358 2569 Aen.
383 2505 455 2570 VII.
480 2506 543 2569 462
566 2527 631 2588 seq.

476 2629 591 2691 magno
613 2608 714 2673 veluti
737 2629 809 2672 oum
831 2608 960 2673 flamma
982 2629 1097 2674 sonore

284 2710 406 2797 Virgae
428 2715 612 2796 suggeritur
634 2715 730 2777 costis
754 2715 905 2778 undantis
927 2716 1012 2792 atini,

284 2815 504 2901 Exultantque
527 2821 617 2880 aestu
640 2816 761 2890 latices,
784 2816 864 2880 furit
887 2817 974 2880 intus
996 2817 1092 2900 aquai

285 2921 438 2986 Fumidus
461 2925 558 3006 atque
582 2923 646 2985 alte
667 2923 790 3005 spumis
813 2923 967 2986 exuberat
987 2923 1102 2986 amnis.

283 3023 351 3088 Nec
375 3026 439 3088 iem
457 3048 489 3090 se
506 3026 594 3110 capit
610 3026 706 3103 unda,
724 3026 812 3090 volat
829 3047 928 3110 vapor
945 3028 1015 3090 ater
1037 3026 1076 3090 ad
1099 3045 1202 3089 auras.

236 3127 381 3194 Tertium
413 3130 662 3214 comparationis
693 3133 838 3194 versatur
866 3133 901 3194 in
929 3131 1134 3196 describenda
1155 3129 1203 3193 ira

148 3235 245 3316 atque
272 3233 392 3298 furore.
447 3235 614 3299 Hannibal
648 3238 780 3319 propter
813 3235 994 3318 Sychaeum
1027 3237 1201 3309 mortuum,

148 3335 277 3402 Turnus
298 3340 393 3404 taeda
417 3340 562 3404 Allectus
585 3327 763 3403 exardescit
785 3341 844 3404 ira.
890 3337 1088 3423 Quamquam
1104 3337 1202 3401 Silius

149 3460 214 3504 rem
248 3464 338 3506 suam
371 3445 551 3525 contraxit,
585 3445 695 3507 tamen
726 3444 865 3509 imitatio
899 3444 1068 3530 perspicua
1097 3444 1147 3508 est
1169 3446 1202 3505 et

149 3543 364 3629 manifestat.

222 3681 248 3751 1)
267 3682 449 3740 Lincamenta
467 3684 551 3740 huius
570 3682 790 3755 comparationis
810 3682 990 3755 Vergilianas
1009 3687 1109 3741 extant
1125 3685 1201 3756 apud

149 3770 310 3827 Homerum.
328 3773 361 3826 Il.
381 3773 454 3828 XXI.
472 3775 525 3829 362
544 3777 574 3830 et
593 3775 660 3830 364:

260 3859 296 3920 ὥς
314 3859 342 3914 δὲ
360 3863 435 3930 λέβης
453 3854 492 3925 ζεῖ
509 3862 587 3916 luder
605 3860 779 3934 ἐπειγόμενος
796 3861 863 3930 nupt
881 3860 969 3935 πολλῷ

140 3936 143 3943 ’
257 3949 393 4002 πάντοθεν
411 3948 579 4022 ἀμβολάδην,
598 3949 651 4004 one
670 3949 700 4003 δὲ
718 3947 784 4011 ξύλα
803 3949 927 4022 κάγκανα
943 3954 1078 4004 κεῖται-

147 4039 196 4095 aad
216 4038 344 4110 Vergilio
365 4040 466 4096 merito
485 4045 529 4096 est
546 4040 739 4104 tribuendum,
761 4040 835 4108 quod
852 4042 888 4095 ad
908 4041 1024 4096 affectus
1043 4040 1202 4096 describen-

151 4127 200 4182 dos
220 4127 295 4182 huno
322 4128 415 4183 locum
439 4131 598 4196 transtulit,
631 4147 694 4184 cum
721 4126 859 4185 Homerus
877 4145 909 4186 eo
928 4131 1027 4185 utatur
1045 4129 1076 4185 iu
1094 4129 1202 4185 Xanthi

148 4216 337 4289 descriptione
355 4206 477 4274 Vulcani
495 4210 615 4275 flammis
633 4218 806 4276 ebullientis.
