2700 4576
204 1313 488 1398 Comparationum
512 1332 604 1389 usus,
637 1313 693 1395 qui
714 1312 779 1376 late
804 1314 895 1396 patet
916 1314 950 1375 in
972 1313 1167 1378 carminibus

112 1431 301 1512 Homericis,
324 1432 499 1498 hereditate
522 1433 612 1514 quasi
632 1431 770 1496 traditus
787 1435 835 1495 est
848 1433 1063 1516 posteriorum
1079 1433 1167 1494 aeta-

111 1541 182 1603 tum
205 1541 318 1624 poetis,
342 1543 375 1603 et
393 1537 523 1602 Graecis
545 1539 578 1600 et
594 1535 757 1600 Romanis.
801 1535 934 1601 Praeter
956 1539 1166 1601 ceterosvero

114 1643 163 1708 his
185 1644 342 1708 sermonis
365 1642 562 1707 ornamentis
584 1643 722 1705 utuntur
744 1644 858 1725 potitae
879 1641 976 1725 epici,
1010 1640 1095 1725 quod
1117 1662 1167 1704 re·

113 1748 289 1834 petendum
319 1750 368 1812 est
398 1747 439 1810 ab
467 1746 549 1829 epici
578 1744 729 1808 carminis
752 1747 878 1808 natura.
923 1742 1003 1808 Ourn
1026 1745 1165 1808 enimin

114 1852 268 1918 scaenicis
297 1850 413 1915 fabulis
441 1870 591 1936 personas
621 1852 708 1934 ipsas
730 1853 862 1934 agentes
882 1869 1112 1932 cognoscamus
1134 1853 1167 1913 et

114 1956 280 2019 audiamus
302 1955 480 2038 loquentes,
503 1953 641 2037 denique
664 1953 772 2016 vultus
794 1955 891 2035 atque
913 1954 1023 2036 gestus
1039 1952 1165 2036 conspi-

113 2058 242 2138 ciamus,
266 2058 306 2122 ad
329 2057 386 2120 has
410 2078 459 2120 res
482 2055 699 2131 illustrandas,
724 2076 805 2138 quae
821 2057 1166 2139 cernanturaspecta·

113 2161 247 2240 toribus,
270 2159 527 2244 comparationes
556 2159 664 2222 afferri
689 2160 865 2240 nequount.
908 2157 947 2221 In
969 2159 1066 2243 epicis
1090 2179 1164 2223 vero

113 2263 307 2327 carminibus
330 2283 486 2346 personae
509 2281 574 2324 non
598 2263 706 2342 agunt,
729 2261 783 2323 sed
799 2261 928 2342 agentes
941 2261 1165 2326 describuntur

113 2371 150 2430 ut
173 2371 287 2452 poetae
311 2368 432 2450 optime
456 2366 504 2429 uti
526 2365 653 2448 possint
675 2364 979 2448 comparationibus,
1001 2365 1085 2430 unde
1108 2387 1166 2450 ap·

114 2474 207 2556 paret
237 2472 338 2534 multo
367 2471 523 2533 minorem
553 2490 621 2531 esse
650 2490 757 2532 earum
781 2489 949 2532 numerum
972 2469 1056 2554 apud
1079 2489 1165 2534 scae·

115 2574 204 2639 nicos
226 2595 321 2658 quam
343 2572 428 2659 apud
451 2573 558 2656 epicos
580 2575 702 2656 potitae.

200 2675 300 2761 Origo
330 2697 405 2740 vero
435 2677 711 2760 comparationum
736 2674 981 2740 Homericarum
1009 2676 1084 2742 inde
1101 2678 1164 2763 ‚du-

113 2780 213 2844 cenda
225 2783 281 2858 est,
295 2779 381 2864 quod
393 2779 506 2864 populi
517 2781 622 2863 prima
635 2780 740 2843 aetate
752 2781 786 2843 et
797 2780 888 2862 quasi
900 2779 1050 2857 infantia,
1064 2803 1163 2865 quum

112 2883 254 2948 nondum
269 2884 398 2948 exculta
420 2886 468 2948 est
489 2883 599 2967 lingua
622 2905 680 2947 nec
701 2882 817 2947 idonea
835 2905 898 2967 qua
914 2886 1163 2970 unumquodque

114 2988 314 3071 exprimatur
335 2987 525 3071 confugiunt
555 2988 593 3051 ad
617 2987 781 3072 imagines.
828 2979 959 3052 Accedit
980 2989 1079 3053 etiam
1100 2990 1164 3054 alia

116 3113 221 3156 causa.
268 3090 458 3157 cumcuim
488 3093 629 3159 carmina
651 3091 782 3156 Homeri
804 3113 869 3156 non
892 3091 1086 3177 legerentur,
1109 3093 1164 3158 sed

113 3196 312 3273 audirentur,
343 3196 516 3262 subsistere
543 3197 703 3261 interdum
727 3200 759 3260 et
782 3196 979 3280 requiescere
1002 3197 1164 3262 auditores

112 3303 184 3364 erat
206 3321 343 3365 necesse.
388 3299 458 3364 Hae
478 3301 728 3364 intermissiones
751 3298 975 3364 efficiebantur
996 3322 1163 3386 compara-

110 3401 263 3483 tionibus,
286 3403 402 3486 quibus
424 3403 619 3486 cogitatione
642 3402 751 3486 aliqua
765 3403 904 3486 repetita
918 3406 951 3466 et
967 3404 1162 3487 simpliciore

112 3503 254 3588 imagine
277 3506 444 3590 proposita
466 3527 569 3589 neque
586 3506 662 3569 novi
688 3507 864 3589 quidquam
879 3506 1007 3571 additur
1021 3511 1161 3574 sermoni

110 3609 144 3671 et
166 3608 303 3690 augetur
326 3608 547 3693 perspicuitas.

198 3709 359 3793 Imprimis
392 3716 505 3796 pottae
538 3712 620 3796 epici
654 3712 877 3791 Alexandrini,
914 3716 970 3798 qui
999 3717 1160 3798 dicuntur,

112 3835 192 3898 quos
216 3815 454 3879 accuratissime
477 3815 721 3880 Homericorum
748 3816 927 3880 carminum
949 3821 1099 3884 naturam
1123 3844 1160 3888 ac

110 3916 324 4002 proprietates
347 3919 531 3984 observasse
553 3923 690 3998 constat,
712 3919 746 3982 in
768 3921 1065 4003 comparationibus
1080 3928 1161 3990 reci·

110 4020 235 4104 piendis
259 4028 501 4105 praeceptorem
525 4023 615 4088 illurn
637 4027 714 4087 sunt
737 4024 846 4088 secuti.
892 4021 1005 4107 Neque
1018 4046 1094 4090 vero
1109 4028 1158 4092 illi

109 4124 144 4188 in
166 4127 231 4191 suis
244 4127 539 4211 comparationibus
553 4128 637 4193 idem
653 4128 738 4212 quod
749 4128 909 4193 Homerus
924 4138 1161 4214 persequuntur

110 4228 288 4308 consilium,
311 4251 384 4294 cum
406 4233 542 4297 ornandi
564 4235 691 4296 tantum
713 4253 809 4297 causa
825 4233 989 4296 sermonis
1001 4238 1041 4296 et
1050 4235 1180 4295 connixa

954 4361 1022 4443 Ψ,
