2700 4576
649 271 690 335 13

146 439 295 507 choatam
319 465 382 508 non
407 443 630 528 imperfectam
651 444 753 508 velint
768 445 957 527 relinquere.
1002 445 1073 511 Hoc
1087 448 1193 514 studio

148 567 341 630 quamquam
362 547 504 611 colorem
525 548 686 631 potticum
718 550 814 630 atque
844 549 1045 632 splendorem
1068 555 1195 637 aspergi

148 653 286 715 sermoni
310 653 422 736 negari
444 651 567 734 nequit,
591 654 698 716 tamen
721 651 951 736 vituperandae
975 657 1077 739 magis
1099 679 1195 740 quam

50 790 56 799 ·
147 754 324 818 laudandae
347 757 423 818 sunt
444 755 525 818 tales
547 755 702 839 picturae,
725 754 810 837 quod
827 756 922 820 nimis
933 758 962 821 ei
980 778 1084 823 sermo
1095 760 1197 825 inter·

147 858 315 940 rumpitur.
361 857 459 922 Silius
481 879 676 941 quamquam
698 857 765 921 eius
796 861 924 942 generis
951 864 1199 944 comparationi·

148 962 207 1026 bus
229 983 295 1027 non
318 984 449 1047 prorsus
471 963 644 1046 abstinuit,
678 965 787 1026 tamen
810 985 875 1028 non
904 985 998 1049 saepe
1021 967 1061 1030 iis
1083 969 1196 1034 utitur.

147 1063 379 1132 Perlustremus
401 1067 559 1130 nonnulla
581 1067 743 1150 exempla:

234 1169 289 1234 Sil.
313 1169 338 1234 I.
362 1171 426 1234 468
449 1191 513 1253 seq.
559 1169 737 1233 Hannibali
770 1169 1046 1254 appropinquanti
1079 1172 1197 1237 cedunt

72 1321 75 1327 -
147 1295 258 1339 omnes
282 1277 315 1338 et
337 1278 473 1357 utraque
496 1273 635 1357 trepidat
657 1274 757 1338 acies:

274 1379 407 1445 Sicubi
430 1379 556 1463 Aegaeo
580 1383 731 1462 surgente
754 1378 793 1442 ad
816 1379 920 1443 sidera
943 1383 1043 1464 ponto

275 1483 336 1548 Per
357 1485 489 1567 longum
510 1486 600 1547 vasto
624 1481 699 1547 Cori
726 1503 799 1546 cum
821 1504 983 1549 murmure
1005 1485 1121 1550 fluctus

277 1587 472 1672 Suspensum
494 1587 529 1650 in
552 1590 655 1650 terras
678 1588 787 1670 portat
809 1606 910 1666 mare;
933 1585 1047 1671 frigida
1069 1590 1176 1653 nautis

279 1688 382 1754 Corda
394 1693 554 1769 tremunt3
570 1692 664 1752 sonat
674 1688 728 1752 ille
741 1689 853 1772 procul
864 1688 1006 1773 flatuque
1018 1696 1199 1758 tumescens

281 1792 428 1858 Curvatis
450 1793 582 1877 pavidas
605 1792 757 1855 tramittit
779 1790 932 1875 Cycladas
953 1794 1056 1860 undis.

147 1898 327 1974 Sufficeret
357 1898 384 1962 si
408 1898 526 1962 diceret
548 1899 659 1980 potita,
693 1895 909 1961 Hannibalem
930 1902 1057 1962 tantum
1079 1900 1198 1966 inicere

149 2002 293 2068 hostibus
315 2003 474 2078 timorem,
497 2006 654 2084 quantum
665 2004 873 2084 tempestates
889 2003 922 2064 iu
938 2003 1046 2066 nautis
1059 2006 1198 2072 excitare

149 2107 298 2172 solerent.
344 2105 457 2189 Neque
479 2125 554 2168 vero
577 2105 655 2167 satis
678 2102 777 2167 habet
791 2105 983 2188 significasse
998 2110 1200 2192 tempestatis

147 2212 323 2295 imaginem
345 2211 401 2274 sed
425 2210 558 2273 verbose
582 2207 754 2291 perscribit
776 2208 893 2290 quibus
915 2210 949 2273 in
973 2210 1069 2274 rebus
1087 2216 1198 2277 vento·

148 2339 220 2382 rum
242 2317 290 2380 vis
313 2319 531 2399 cognoscatur.

234 2421 291 2486 Sil.
308 2421 349 2486 ΙΙ.
373 2423 437 2486 683
457 2442 521 2504 seq.
565 2419 666 2485 Poeta
687 2418 842 2484 describit
861 2421 1002 2503 stragem
1026 2442 1122 2504 quam
1142 2423 1200 2488 Sa·

148 2528 274 2612 guntiui
298 2528 332 2590 in
356 2527 500 2610 ipsorum
523 2525 603 2589 urbe
626 2523 787 2588 lecerunt:

278 2631 342 2696 (teu
364 2631 549 2695 stimulante
572 2627 672 2710 fame,
704 2648 803 2710 quum
824 2626 928 2691 victor
950 2628 1047 2692 ovilia
1070 2633 1199 2697 tandem

278 2736 438 2800 Faucibus
459 2733 578 2798 invasit
600 2733 691 2797 siccis
713 2732 775 2808 lec,
799 2731 923 2794 mandit
945 2730 1049 2797 hianti

277 2838 340 2904 Ore
362 2838 500 2903 fremens
524 2837 652 2901 imbelle
675 2856 783 2918 pecus,
806 2834 981 2918 patuloque
1004 2837 1163 2903 redundat

280 2943 418 3008 Gutture
440 2946 584 3007 ructatus
605 2942 695 3025 large
718 2961 830 3016 cruor;
852 2940 985 3004 incubat
1007 2943 1085 3006 atris

280 3044 425 3110 Semesae
446 3045 563 3128 stragis
586 3043 721 3108 cumulis
745 3044 802 3105 aut
823 3062 985 3106 murmure
1007 3043 1124 3110 anhelo

278 3148 469 3213 Infrendens
491 3148 612 3212 laceros
636 3147 720 3210 inter
742 3145 900 3228 spatiatur
921 3165 1060 3212 acervos.

278 3251 359 3316 Late
380 3252 450 3316 fusa
471 3253 579 3316 iacent
600 3251 736 3335 pecudes
758 3253 927 3332 custosque
948 3247 1106 3318 Molossus

279 3357 512 3440 Pastorumque
535 3354 648 3419 cohors
670 3352 852 3436 stabulique
867 3354 1034 3438 gregisque
1047 3361 1201 3442 magister

281 3461 427 3546 Totaque
451 3461 584 3525 vastatis
606 3459 738 3523 disiecta
760 3458 901 3542 mapalia
922 3460 1026 3525 tectis.

151 3565 294 3631 Nimiam
316 3565 413 3631 Silius
435 3566 547 3630 attulit
569 3564 771 3647 diligentiam
795 3562 834 3626 ad
854 3565 1053 3630 exornandas
1069 3588 1122 3632 eas
1137 3591 1198 3651 res,

151 3691 232 3753 quae
255 3692 323 3734 non
344 3670 538 3734 necessariae
561 3673 645 3732 sunt.
690 3666 772 3732 Vide
795 3687 891 3749 quam
914 3672 1060 3733 accurate
1082 3671 1199 3737 descri-

150 3775 251 3859 pserit
272 3774 376 3839 leonis
397 3775 571 3859 impetum,
606 3794 678 3836 cum
706 3775 852 3835 vertatur
873 3772 969 3837 cardo
992 3775 1092 3840 totius
1113 3798 1200 3842 com·

149 3878 326 3963 parationis
359 3878 392 3940 in
428 3878 616 3941 vastatione.
660 3875 698 3938 In
732 3875 865 3939 eandem
895 3876 1053 3942 rationem
1080 3881 1199 3948 cadunt

148 3981 205 4047 lV.
235 3982 299 4045 244
322 4002 387 4064 seq.
423 3979 479 4045 IV.
511 3981 573 4044 302
597 4001 663 4062 seq.
698 3977 755 4043 lv.
777 3978 838 4042 331
864 3997 929 4061 seq.
966 3977 1022 4044 IV.
1047 3981 1109 4046 372
1132 4004 1200 4068 seq.

147 4085 205 4151 IV.
230 4087 293 4150 520
317 4106 382 4168 seq.
406 4083 477 4149 XlI.
501 4085 564 4150 458
587 4105 653 4167 seq.
676 4080 745 4146 XV.
771 4083 833 4148 769
855 4103 921 4165 seq.

236 4189 332 4254 Silius
366 4189 553 4274 plerumque
581 4190 626 4253 ita
649 4186 830 4271 composuit
859 4188 1130 4271 comparationes¹
1162 4192 1200 4258 ut
