2700 4576
695 225 735 292 16

188 420 285 482 pens:
308 399 333 462 Ι.
346 400 407 463 421
433 420 491 463 666
514 398 682 483 Spartanis
699 399 869 464 latratibus
886 404 975 465 actus
989 423 1083 489 aper:
1105 403 1145 468 II.
1158 407 1237 470 683:

186 507 355 587 custosque
378 502 552 586 Molossus:
575 502 615 567 X.
639 504 697 568 77:
720 506 808 569 canis
830 504 992 590 Belgicus.

273 607 337 671 Ubi
361 610 528 673 ventorum
551 609 590 672 fit
612 610 744 686 mentio,
769 631 877 674 earum
889 614 1048 676 terrarum
1065 613 1108 676 616
1125 614 1236 678 adiun-

185 711 272 793 gitur
303 711 508 795 significatio,
532 712 566 775 in
589 712 706 795 quibus
730 714 900 797 praecipue
928 716 1089 778 saeviunt:
1123 715 1148 778 Ι.
1172 718 1236 781 468

183 815 438 898 coniunguntur:
463 817 607 897 Aegaeus
623 818 741 897 pontus
756 853 791 862 -
808 815 906 880 Corus
917 854 962 864 -
973 817 1140 902 cycladem
1165 819 1233 883 XV.

185 917 257 979 154.
274 914 373 980 Corus
383 914 567 980 -Jonium
582 923 615 982 et
625 919 787 1002 Aegaeum
805 939 908 995 mare:
922 918 978 984 IV.
993 922 1066 985 244.
1104 919 1235 985 Geticus

183 1018 303 1085 Boreas
326 1056 360 1066 -
387 1019 518 1085 Jonium
541 1042 683 1086 mare-
697 1021 866 1106 Cyclades:
888 1023 963 1089 VII.
977 1026 1056 1090 569:
1079 1023 1233 1109 Odrysius

182 1123 302 1189 Boreas
324 1127 357 1188 et
380 1124 499 1207 Syrtim
522 1126 637 1190 tollere
660 1127 784 1210 pollens
806 1126 935 1192 Africus
957 1127 996 1192 X.
1021 1130 1078 1192 10:
1113 1129 1233 1194 Boreas

181 1225 386 1306 Haemonius,
409 1227 497 1293 XIV.
523 1230 601 1294 121:
625 1229 742 1294 Boreas
766 1230 939 1316 Rhodopes
962 1253 981 1294 a
1002 1233 1120 1297 6611166
1142 1255 1232 1318 prae-

181 1352 274 1417 ceps:
297 1331 369 1398 XII.
395 1334 431 1397 6:
456 1333 602 1418 Rhipaea
626 1336 736 1417 rigent
758 1336 930 1419 Aquilonis
953 1336 1085 1401 flamina
1107 1337 1231 1422 (Signi-

181 1437 289 1502 ficatio
311 1440 416 1502 terrae
439 1438 543 1502 deest:
566 1437 591 1502 Ι.
616 1440 678 1503 687
703 1462 767 1523 seq.
791 1439 832 1503 ll.
853 1441 915 1505 289
928 1462 994 1524 seq.
1017 1441 1074 1506 IV.
1090 1442 1151 1505 321
1166 1464 1233 1526 seq.

182 1540 221 1608 V.
246 1543 310 1608 504
332 1563 398 1626 seq.
421 1542 492 1606 XII.
518 1543 580 1608 186
603 1564 669 1627 seq.
692 1543 781 1609 XIV.
806 1546 869 1610 623
893 1567 959 1628 seq.
987 1544 1054 1610 XV.
1080 1546 1139 1611 711
1165 1569 1231 1630 seq.

181 1645 259 1712 XVI
281 1648 323 1711 96
346 1647 426 1730 seq.)

268 1751 306 1815 In
329 1751 396 1814 deis
428 1752 712 1816 commemorandis
743 1752 871 1815 adamat
893 1752 990 1817 silius
1013 1775 1065 1821 666
1088 1754 1232 1839 proferre

180 1858 290 1934 161166,
314 1877 395 1938 quae
420 1876 528 1920 666166
549 1855 684 1939 singulis
702 1856 914 1921 credebantur
932 1880 999 1922 esse
1021 1861 1099 1922 etin
1115 1859 1232 1942 quibus

180 1961 317 2024 maxime
338 1960 527 2023 colebantur
550 1961 600 2024 661
624 1962 657 2023 16
681 1961 798 2043 quibus
813 1963 995 2045 praeclaras
1012 1968 1147 2047 egerant
1163 1982 1228 2027 res:

179 2063 203 2131 I.
228 2065 302 2129 433.
326 2069 465 2148 quantus
495 2064 649 2128 Bistoniis
680 2066 745 2128 late
768 2065 925 2130 Gradivus
954 2067 988 2130 in
1018 2067 1082 2131 oris
1105 2069 1229 2152 rapitur

179 2189 292 2244 curru:
323 2167 426 2234 XVII.
449 2169 529 2233 487:
564 2170 668 2252 qualis
697 2170 781 2253 apud
805 2169 946 2253 gelidum
980 2191 1091 2234 currus
1123 2171 1229 2253 quatit

179 2272 323 2337 Hebrum
347 2277 380 2336 et
402 2272 530 2337 Geticas
553 2274 648 2337 solvit
670 2272 808 2338 ferventi
832 2275 987 2359 sanguine
1009 2271 1137 2337 Mavors
1148 2271 1227 2337 Lae·

179 2378 232 2439 166
253 2375 349 2440 caede
371 2376 480 2452 nives:
503 2375 569 2439 XV.
595 2377 675 2441 769:
699 2375 745 2439 Ut
767 2399 865 2460 quum
888 2380 1005 2442 666616
1022 2377 1123 2440 661166
1140 2399 1228 2441 61161-

180 2483 230 2542 661
254 2477 417 2561 Dictynna
440 2481 497 2540 ant
519 2477 614 2542 Pindi
646 2500 778 2543 nemora
812 2482 977 2544 excutiens
1005 2484 1062 2543 661
1084 2479 1230 2544 Μ666616

178 2582 336 2658 16611666;
369 2580 471 2645 XVII.
497 2583 577 2647 647:
612 2583 715 2665 qualis
744 2583 937 2648 descendens
960 2581 1056 2647 Liber
1078 2583 1120 2647 ab
1142 2583 1229 2648 Indis

178 2687 246 2772 egit
268 2708 379 2751 currus
401 2689 458 2750 aut
479 2708 578 2769 quum
599 2686 781 2770 Phlegraeis
804 2687 949 2752 confecta
963 2689 1046 2753 mole
1061 2689 1224 2773 gigantum

176 2791 308 2854 incessit
329 2791 449 2875 campis
470 2790 669 2875 Tirynthius.

263 2894 406 2958 Eandem
439 2896 595 2959 rationem
630 2898 832 2980 persecutum
862 2915 929 2959 6666
952 2897 987 2960 16
1010 2896 1074 2961 6616
1096 2917 1225 2980 compa·

176 3000 356 3064 rationibus
389 2997 560 3083 Papininm
595 3000 733 3065 Statium
769 3000 968 3065 demonstrat
1001 3001 1123 3066 Kranae
1153 3001 1174 3064 l.
1197 3021 1224 3064 c.

176 3123 247 3187 pag.
272 3103 411 3167 23-25.

263 3205 397 3291 Saepius
431 3211 467 3270 ut
499 3209 653 3289 augeatur
686 3206 841 3270 sermonis
874 3205 1027 3289 splendor
1056 3209 1224 3273 veritatem

175 3313 338 3397 agreditur
360 3310 456 3375 Silius
479 3313 511 3374 et
530 3311 673 3375 vanitate
696 3332 732 3375 66
754 3314 880 3375 tumore
895 3311 1081 3375 delectatur.
1125 3311 1225 3396 Egre-

175 3417 230 3502 gia
252 3417 398 3499 exempla
419 3416 564 3479 16666166
586 3415 623 3478 V.
647 3415 710 3479 395
733 3436 798 3498 seq.
822 3418 855 3480 et
876 3413 972 3478 XVII
995 3415 1057 3479 592
1080 3438 1145 3501 seq.

261 3520 376 3585 Restat
397 3524 434 3582 ut
456 3520 623 3584 doceamus
652 3519 927 3603 comparationum
956 3518 1028 3583 Silii
1056 3521 1162 3603 qualis
1184 3523 1227 3586 611

174 3621 279 3688 forma
312 3624 527 3707 grammatica.
572 3620 664 3686 Η666
698 3624 918 3706 quaestionem
940 3623 986 3685 ita
1008 3622 1223 3704 instituemus,

175 3729 212 3790 61
234 3726 335 3791 611616
358 3728 449 3810 parte
472 3726 685 3804 ostendam,
709 3747 772 3809 qua
794 3727 919 3790 ratione
943 3746 1018 3790 usus
1041 3726 1139 3791 sitin
1159 3749 1224 3792 mo·

175 3829 223 3894 dis
246 3851 284 3894 66
309 3831 525 3913 temporibus,
561 3831 662 3893 altera
685 3851 748 3912 quo
773 3830 867 3894 modo
891 3830 1035 3913 singulae
1059 3851 1223 3917 compara·

174 3935 278 3999 tiones
299 3935 335 3998 in
356 3954 534 3998 sermonem
556 3934 622 3998 sint
645 3935 791 3998 insertae.

262 4037 296 4103 Si
318 4038 539 4122 componimus
562 4058 728 4101 numerum
752 4059 861 4102 661616
880 4039 1166 4122 comparationum,
1189 4041 1223 4104 in

174 4142 291 4229 quibus
313 4141 505 4205 indicativus
524 4140 636 4207 modus
651 4144 709 4223 est,
733 4143 872 4221 cumeis,
892 4142 1222 4226 quaeconiunotirum
