2700 4576
647 256 691 318 22

233 427 317 491 Huic
339 426 409 491 loco
433 425 652 508 adiungimusz
675 425 731 490 Sil.
756 425 827 489 VII.
855 429 915 489 143
939 450 1002 512 seq.

275 531 364 595 Sicut
387 551 487 614 aquae
511 530 660 614 splendor
683 531 825 594 radiatus
848 530 994 615 lampade
1017 531 1093 595 solis

277 635 436 699 Dissultat
457 656 515 718 per
536 636 622 697 tecta
644 655 726 718 vaga
748 634 807 698 sub
829 635 967 718 imagine
989 633 1119 699 vibrans

277 738 423 803 Luminis
445 741 478 802 et
500 739 637 802 tremula
659 738 824 822 laquearia
846 739 996 803 verberat
1018 739 1143 803 umbra.

148 841 244 927 Verg.
267 844 347 909 Aeu.
371 842 459 908 VIII.
484 846 523 905 22
547 865 612 926 seq.

277 946 366 1011 Sicut
388 967 489 1030 aquae
511 947 684 1009 tremulum
707 946 807 1010 labris
831 946 887 1009 ubi
908 946 1018 1010 lumen
1041 947 1129 1011 aenis

278 1050 351 1114 Sole
375 1071 557 1135 repercusso
581 1053 637 1113 aut
660 1050 813 1116 radiantis
835 1051 973 1132 imagine
996 1051 1091 1114 lunae

278 1153 393 1218 Omnia
415 1155 587 1239 pervolitat
609 1155 672 1218 late
694 1156 774 1233 loca,
797 1155 925 1238 iamque
948 1154 1008 1218 sub
1032 1176 1125 1219 auras

279 1259 425 1343 ErigItur
448 1259 626 1342 summique
650 1258 726 1323 ferit
746 1259 888 1323 lacuaria
911 1261 996 1323 tectI.

148 1363 275 1428 Aeneae
297 1364 409 1438 altera,
439 1363 540 1427 altera
563 1365 800 1446 comparatione
825 1362 1017 1428 Hannibalis
1038 1363 1198 1427 fluctuans

149 1468 275 1529 animus
297 1466 497 1550 depingitur,
531 1466 586 1548 qui
608 1466 821 1530 diversissima
852 1466 984 1530 consilia
1007 1487 1135 1530 versans
1156 1466 1195 1529 ad

150 1570 230 1634 alias
253 1570 293 1633 ab
317 1571 388 1633 aliis
410 1569 659 1652 cogitationibus
676 1571 760 1648 salit,
783 1575 820 1632 ut
834 1570 1006 1634 ttadicam.
1051 1569 1195 1634 Tertium

149 1675 396 1759 comparationis
416 1677 561 1738 versatur
584 1675 617 1737 in
640 1675 813 1738 celeritate.
860 1674 930 1740 Hoc
952 1676 1024 1739 loco
1042 1673 1138 1740 Silius
1150 1676 1196 1739 Ita

149 1781 198 1843 est
220 1800 304 1856 usus,
326 1783 363 1841 ut
385 1780 488 1863 primo
512 1777 676 1843 oculorum
689 1780 804 1843 obtutu
819 1780 1015 1843 imitatorem
1032 1800 1196 1862 agnoscas,

149 1905 221 1948 cum
255 1884 364 1947 omnia
392 1882 457 1946 Iere
476 1882 614 1966 Vergilii
639 1884 734 1946 verba
760 1883 980 1966 depromserit,
1004 1884 1057 1948 sed
1080 1885 1136 1958 ita,
1161 1887 1198 1948 ut

148 1988 289 2050 rationes
317 1990 413 2070 atque
445 1988 531 2050 locos
562 1986 761 2070 siugulcru'm
792 1987 961 2052 verborum
992 1987 1139 2051 omnibus
1162 1988 1196 2052 in

147 2092 293 2175 partibus
316 2094 456 2155 mutaret
467 2090 503 2176 1).

236 2195 297 2260 His
325 2196 404 2259 locis
433 2196 607 2280 adiungere
639 2217 806 2280 possumus
827 2195 882 2259 Sil.
906 2195 962 2260 IV.
987 2195 1050 2261 372
1073 2218 1138 2280 seq.
1164 2200 1198 2261 et

149 2296 249 2381 Verg.
274 2299 355 2362 Aen.
378 2298 448 2362 XII.
483 2300 543 2363 715
567 2320 630 2383 seq.
685 2298 746 2363 Res
769 2303 972 2383 comparatae
1006 2305 1195 2383 congruunt,

151 2403 236 2486 quod
267 2403 352 2487 apud
388 2406 561 2486 utrumque
594 2405 720 2487 poetam
754 2407 914 2467 certamen
938 2405 1102 2488 singulare
1124 2404 1198 2468 illu·

149 2508 277 2571 stratur.
324 2505 470 2570 Tertium
503 2508 751 2591 comparatiouIs
784 2507 820 2570 in
852 2508 1059 2572 describenda
1082 2510 1199 2573 atroci·

149 2614 216 2676 tate
238 2632 362 2694 pugnae
386 2611 523 2695 positum
543 2614 600 2674 est.
648 2609 848 2694 Quamquam
863 2611 1041 2676 luculenter
1065 2617 1200 2697 apparet

149 2716 275 2801 Vergili
297 2717 431 2799 vestigia
445 2737 589 2799 premere
606 2713 719 2779 Silium
736 2717 769 2778 in
786 2716 1003 2799 exprimendis
1018 2719 1198 2801 sententiis,

149 2825 258 2885 tamen
288 2821 416 2904 singula
440 2821 518 2885 adeo
548 2821 692 2899 variavit,
714 2820 767 2883 vix
789 2825 825 2883 ut
854 2819 1067 2885 imitationem
1099 2842 1197 2905 agno·

149 2945 234 2988 scere
258 2925 369 3008 possis.
415 2921 506 2998 Quod
523 2925 608 2987 enim
625 2945 690 2987 uon
707 2929 825 3000 tauros,
848 2927 886 2986 ut
900 2922 1074 3007 Vergilius,
1099 2925 1198 2989 habet

148 3027 181 3089 in
204 3027 358 3110 imagine,
391 3026 445 3090 sed
467 3026 577 3090 leones
600 3025 661 3090 hac
683 3028 756 3111 ipsa
777 3027 816 3090 dc
838 3045 933 3089 causa
961 3026 1001 3089 ab
1024 3027 1196 3112 exemplari

148 3152 205 3194 suo
227 3131 377 3194 decedere
403 3130 588 3214 cogebatur.
644 3131 882 3194 Sententiarum
905 3151 980 3194 vero
1002 3131 1080 3195 ordo
1112 3130 1197 3214 apud

150 3235 322 3315 utrumque
355 3254 412 3316 par
435 3235 498 3296 est:
536 3231 591 3296 Sil.
613 3232 668 3297 IV.
695 3234 864 3298 ara-373
887 3233 1084 3316 respondent
1103 3231 1198 3315 Verg.

150 3335 221 3399 XII.
259 3336 429 3400 715-717
464 3338 637 3420 (usquead
660 3338 777 3403 uerba:
810 3337 969 3402 frontibus
1002 3337 1198 3421 incurrunt);

223 3565 250 3635 1)
270 3562 413 3635 Vergilius
430 3564 504 3619 hanc
523 3582 602 3619 suam
621 3565 857 3636 comparationem
878 3566 981 3638 petivIt
999 3566 1035 3621 ab
1049 3567 1200 3638 Apollonio

149 3653 272 3716 Rhodio,
302 3652 351 3719 qui
377 3651 513 3707 describit
536 3655 652 3710 Medeae
681 3655 805 3709 animum
831 3657 948 3724 propter
966 3655 1098 3711 Iasonem
1117 3656 1200 3712 valde

150 3742 328 3805 commotum,
346 3740 391 3794 his
410 3739 515 3795 verbis:
535 3741 689 3812 Argonaut.
707 3743 757 3797 III.
777 3743 829 3797 756
848 3759 905 3809 seq.

254 3822 353 3881 Ἠιλλυυ
374 3828 410 3888 uic
427 3833 463 3889 τίς
480 3848 506 3882 τε
525 3831 620 3900 δόμοις
638 3832 803 3884 ἐνιπάλλεται
821 3833 907 3901 αἴγλη,

248 3913 366 3976 Ὕδατυς
384 3916 526 3976 ἐξανιοῦσα
544 3918 572 3970 τὸ
589 3918 621 3984 δὴ
639 3921 701 3971 νέον
719 3919 745 3984 ἦέ
763 3922 847 3988 λέβητι

252 4003 295 4058 'He‘
313 4023 365 4058 ττυυ
383 4006 412 4058 ἐν
430 4006 522 4077 γαυλῷ
539 4009 643 4078 κέχυται
656 4027 662 4040 ·
673 4008 714 4074 ἡδ’
732 4011 799 4062 ἔνθα
817 4007 863 4060 καλ
881 4009 948 4060 ἔνθα

255 4093 349 4166 Ὠκιίῃ
368 4093 545 4165 στροφάλιγγι
564 4096 710 4150 τινάσσεται
728 4097 863 4150 ᾰλσσυυσα.

151 4183 335 4241 Lucretianus
353 4200 464 4254 quoque
484 4183 561 4239 locus
580 4184 628 4241 IV.
647 4185 699 4241 212
718 4188 800 4243 notus
819 4185 844 4241 ei
862 4184 975 4241 videtur
992 4182 1086 4238 fuisse.
