2700 4576
660 231 679 294 6

148 401 279 485 explent
301 403 451 486 spatium.
496 402 660 467 Eiusmodi
689 401 827 465 tabellae
858 423 1063 487 quamquam·
1083 423 1141 489 per
1164 425 1198 468 66

147 509 310 590 spectatae
333 528 398 571 non
420 508 608 571 invenustus
633 512 709 571 sunt
732 510 764 571 61
781 507 1025 571 delectationem
1041 508 1199 592 praebent

147 611 347 695 legentibus,
380 614 490 675 tamen
518 613 610 676 laude
641 612 758 696 dignae
781 615 961 690 6666661,
993 613 1079 697 quod
1101 614 1197 678 nimis

147 712 186 776 iis
208 713 328 777 flumen
349 714 597 799 interrumpitur
620 715 774 779 orationis
796 717 830 778 et
845 715 980 780 lectores
997 717 1199 781 abducuntur

149 817 188 880 ad
211 838 277 881 rem
300 818 448 903 alienam,
472 823 508 882 61
532 820 673 903 perlecta
695 820 934 903 comparatione
958 822 1049 904 quasi
1072 843 1197 885 rursum

148 923 299 986 revocent
333 923 396 986 sibi
417 924 451 987 in
476 924 660 987 memoriam
684 943 814 987 necesse
843 924 886 986 sit
915 928 1013 1009 caput
1035 927 1091 1002 rei,
1113 925 1199 1009 quod

149 1024 290 1107 episodio
313 1026 505 1112 interposito
526 1029 655 1099 recessit
676 1028 708 1091 in
733 1028 938 1092 oblivionem.

235 1126 307 1192 Ι1616
331 1129 369 1193 (16
392 1131 534 1193 materiis
556 1113 831 1214 comparationum
855 1130 1026 1195 videamus.

149 1228 263 1294 Eidem
286 1231 402 1309 fontes,
425 1234 573 1317 equibus
590 1233 777 1297 Homericae
792 1234 1015 1317 profluxerunt
1034 1255 1198 1317 compara-

148 1332 253 1397 tiones
280 1333 471 1400 Latinorum
500 1359 627 1421 quoque
656 1337 763 1421 poetis
794 1337 891 1418 epicis
913 1337 1201 1420 suppeditaverunt

149 1436 303 1522 subsidia3
338 1443 415 1503 sunt
443 1463 518 1505 vero
550 1444 666 1504 natura
698 1445 731 1505 et
752 1440 894 1504 inanima
917 1443 950 1504 61
972 1441 1125 1517 animata,
1148 1462 1200 1504 res

147 1541 400 1625 mythologicae,
435 1545 602 1637 hominurn
628 1546 742 1608 studia.
799 1544 973 1628 Pleraeque
1003 1567 1078 1609 vero
1113 1566 1199 1608 oom-

149 1649 333 1730 parationes
360 1653 398 1712 ut
425 1652 522 1714 ceteri
552 1651 597 1715 sic
619 1672 747 1734 quoque
770 1650 867 1715 Silius
896 1649 1011 1733 petivit
1034 1671 1052 1712 a
1074 1654 1198 1714 natura.

149 1748 221 1813 Huc
253 1749 408 1816 referendi
440 1755 516 1816 6661
547 1754 572 1816 11
603 1753 665 1817 1661
699 1753 815 1836 quibus
847 1752 1056 1816 inveniuntur
1088 1751 1200 1816 stellae

149 1852 186 1938 (I.
212 1855 274 1918 358
298 1876 363 1938 666.
386 1856 411 1920 1.
434 1858 494 1921 461
520 1856 662 1940 666111.
688 1858 747 1921 192
771 1878 836 1939 646.
859 1855 931 1920 VII.
950 1857 1012 1920 362
1034 1877 1100 1939 seq.
1124 1855 1199 1920 VII.

150 1957 213 2022 639
235 1980 300 2042 seq.
324 1959 396 2024 XII.
417 1962 478 2025 247
501 1983 566 2045 666.
589 1959 660 2025 XV.
684 1961 746 2025 677
770 1963 859 2044 seq),
884 1960 1039 2038 tonitrua,
1060 1959 1196 2043 fulgura,

149 2060 267 2126 imbres
290 2063 342 2147 (V.
368 2065 431 2129 384
453 2087 518 2148 666.
540 2064 611 2129 XV.
637 2066 700 2130 569
723 2087 788 2149 seq.
818 2063 889 2128 XV.
913 2065 974 2128 712
1000 2084 1066 2148 666.
1096 2063 1198 2131 XVII.

150 2165 215 2230 474
237 2170 333 2250 666),
365 2169 453 2232 venti
476 2168 511 2253 (l.
535 2170 598 2234 468
622 2191 687 2252 666.
710 2169 770 2232 III.
795 2169 857 2232 227
882 2190 946 2252 666.
970 2167 1023 2230 IV.
1048 2169 1111 2233 244
1133 2190 1199 2251 seq.

150 2269 204 2334 IV.
231 2271 289 2332 321
315 2292 379 2355 646.
414 2271 471 2336 VI.
496 2273 556 2337 321
582 2293 647 2355 666.
682 2270 752 2336 VII.
782 2272 845 2337 569
868 2294 933 2355 666.
969 2271 1200 2356 ΙΧ.281666.

150 2370 222 2437 XII.
246 2375 306 2438 186
329 2397 394 2458 646.
416 2374 503 2439 XIV.
528 2377 672 2458 121666.
697 2375 767 2440 XV.
788 2377 929 2459 154646.
953 2375 1040 2441 XVI.
1058 2377 1121 2440 384
1133 2398 1199 2459 seq.

150 2476 255 2542 XVII.
280 2480 341 2543 207
355 2482 443 2564 seq),
468 2501 575 2543 amnes
598 2478 667 2564 (IV.
686 2481 749 2544 520
761 2496 828 2564 666.
853 2479 1085 2564 1711139666.
1108 2481 1199 2546 VIlI.

149 2587 215 2651 426
243 2609 309 2670 seq.
344 2586 416 2677 XII.
449 2589 599 2670 186666.
632 2586 719 2651 XIV.
750 2588 812 2651 143
842 2608 907 2670 646.
941 2584 1013 2650 XV.
1046 2587 1108 2650 712
1130 2608 1195 2671 666.

152 2689 240 2755 XVI.
265 2692 305 2755 35
329 2711 393 2775 seq.
417 2690 522 2755 XVII.
549 2692 604 2754 121
630 2690 722 2774 seq),
745 2690 881 2773 denique
905 2688 1071 2768 incendia,
1095 2697 1200 2755 161166

152 2793 270 2872 hiatus,
295 2796 367 2859 6116.

238 2897 352 2982 Neque
375 2899 481 2962 minus
504 2897 689 2962 animalium
714 2899 830 2960 661616
853 2897 957 2960 utitur
980 2894 1086 2960 Silius.
1133 2896 1198 2959 Ha·

150 3001 206 3064 bet
242 3003 325 3066 enim
367 3001 615 3086 unumquodque
656 3001 776 3064 animal
798 3002 922 3084 proprii
963 3000 1102 3085 aliquid,
1136 3022 1200 3084 666

150 3109 278 3189 praeter
304 3109 431 3170 caetera
460 3104 596 3170 excellit.
640 3102 691 3167 Sic
720 3105 828 3168 leones
859 3105 993 3170 audacia
1019 3108 1052 3169 61
1074 3104 1200 3179 1611616,

148 3230 247 3293 66666
274 3210 448 3286 6616111616,
474 3210 571 3292 tigres
601 3208 707 3272 caedis
738 3209 913 3292 cupiditate
937 3210 1108 3293 praecipue
1131 3229 1197 3271 esse

149 3314 312 3398 praeditos
334 3314 480 3378 novimus
503 3316 535 3376 61
558 3313 707 3397 66611666
730 3314 1023 3377 commemorantur
1040 3311 1118 3375 haec
1132 3311 1201 3375 ani·

150 3419 246 3483 malia
279 3420 367 3483 venit
400 3419 493 3483 nobis
525 3419 558 3481 in
594 3420 734 3481 mentem
768 3418 855 3482 illius
886 3418 1026 3482 virtutis.
1051 3417 1141 3481 ‘Hac
1162 3417 1201 3482 de

150 3545 255 3601 causa,
283 3524 338 3588 ubi
368 3523 562 3588 describitur
592 3517 700 3604 aliqua
731 3521 833 3586 virtus
853 3522 904 3586 vel
934 3522 1047 3586 vitium
1072 3521 1202 3606 aliquod

150 3630 184 3692 in
206 3626 402 3704 hominibus,
425 3628 576 3710 repetunt
592 3627 705 3709 politae
723 3626 878 3710 imagines
890 3627 931 3690 ab
945 3627 984 3691 iis
999 3626 1202 3703 animalibus,

63 3727 64 3730 '
153 3732 186 3796 16
216 3729 334 3814 quibus
360 3730 469 3794 eadem
500 3730 584 3793 inest
617 3732 741 3792 natura.
795 3728 996 3815 Quamquam
1030 3729 1202 3794 nonnullas

151 3833 245 3898 huius
276 3832 403 3916 generis
435 3832 691 3916 comparationes
724 3828 796 3894 Silii
832 3833 960 3918 ineptas
991 3854 1058 3897 esse
1089 3853 1202 3898 conca-

149 3935 287 4000 dendum
311 3938 368 4010 661,
390 3937 498 3999 tamen
521 3934 555 3998 in
578 3934 650 3998 aliis
673 3935 802 4017 poetam
824 3934 996 4018 diligenter
1014 3934 1199 3998 observasse

148 4038 335 4104 animalium
361 4044 509 4104 naturam
531 4039 645 4123 nequit
665 4037 790 4120 negari.
837 4038 886 4104 ax
903 4037 1097 4103 animalibus
1108 4037 1203 4102 affert

152 4144 309 4231 imprimis
332 4143 416 4209 16166
438 4143 557 4208 bestias
575 4145 611 4206 61
633 4143 743 4207 166666
765 4141 821 4227 (II.
837 4144 900 4208 683
912 4163 977 4238 seq.
992 4140 1045 4207 IV.
1059 4141 1123 4206 372
1137 4162 1202 4224 666.
