2700 4576
647 232 688 296 24

271 398 339 470 Fax
360 404 446 470 caelo
469 403 583 486 radios,
605 423 642 466 ac
664 403 754 467 laeva
778 402 847 465 luce
871 423 1035 468 coruscum

270 509 435 576 Scintillat
456 508 552 588 sidus,
573 509 730 591 terrisque
752 511 893 573 extrema
917 508 1066 573 minatur.

184 612 279 696 Verg.
304 615 381 678 Aen.
404 612 443 677 X.
468 613 530 676 272
554 633 619 695 seq.

273 716 347 781 Non
369 738 457 781 secus
480 737 516 780 ac
538 717 661 799 liquida
684 715 711 779 si
735 715 861 798 quando
884 718 978 781 nocte
1003 720 1147 782 cornetae

271 822 448 905 Sanguinei
469 821 605 904 lugubre
629 820 746 883 rubent
770 822 826 882 aut
848 818 948 883 Sirius
971 821 1065 886 ardor

272 925 329 990 llle
352 927 438 989 sitim
463 947 514 989 mo
538 924 658 1007 bosque
680 923 783 988 ferens
806 925 994 989 mortalibus
1016 927 1127 1010 aegris,

272 1028 423 1093 Nascitur
446 1032 478 1092 et
500 1030 589 1092 laevo
613 1029 787 1092 contristat
810 1028 929 1093 lumine
952 1029 1085 1095 caelum.

145 1131 379 1216 Comparantur
412 1135 549 1216 utroque
582 1133 652 1196 loco
687 1153 775 1195 arma
809 1131 940 1197 heroum
975 1155 1047 1197 cum
1082 1134 1194 1200 stellis.

145 1237 241 1320 Apud
264 1236 378 1301 Silium
402 1258 477 1301 vero
500 1240 623 1314 terror,
655 1238 709 1319 qui
733 1237 765 1299 in
790 1239 926 1301 nutante
948 1239 1046 1303 crista
1069 1239 1195 1305 Hanni·

147 1342 227 1405 balis
257 1342 408 1418 cernitur,
443 1362 513 1404 curn
546 1344 687 1405 cornetae
711 1347 833 1405 terrore
857 1349 1080 1426 comparatur,
1109 1347 1196 1429 apud

144 1444 321 1527 Vergilium
349 1447 465 1510 cristae
496 1449 528 1508 et
559 1446 640 1508 scuti
674 1445 802 1509 Aeneae
833 1444 1037 1529 fulgureum
1061 1448 1136 1512 sirii
1161 1456 1195 1515 et

146 1555 288 1614 cometae
309 1548 445 1634 fulgore,
469 1551 524 1614 sed
545 1551 591 1614 ita
614 1553 651 1612 ut
674 1551 808 1614 terroris
831 1571 958 1633 quoque
982 1551 1039 1616 fiat
1061 1554 1193 1618 mentio.

191 1652 246 1716 Sil.
271 1652 304 1717 V.
328 1653 390 1716 309
412 1673 477 1734 seq.

277 1756 370 1819 Haud
392 1777 493 1841 secus,
515 1778 531 1820 e
555 1755 683 1839 specula
709 1775 862 1839 praeceps
884 1756 1008 1820 delatus
1031 1778 1141 1842 opaca,

277 1858 450 1924 Subsidens
472 1879 584 1942 campo
607 1858 779 1920 submissos
801 1859 968 1922 contrahit
990 1863 1090 1942 artus,

281 1960 385 2036 Quum
408 1961 513 2026 vicina
535 1962 634 2025 trucis
658 1964 825 2045 conspexit
847 1983 967 2027 cornua
989 1965 1084 2042 tauri,

278 2064 429 2141 Quamvis
443 2066 538 2149 longa
557 2065 657 2130 fames
674 2067 826 2143 stimulet,
843 2067 907 2142 leo;
926 2088 1012 2132 nunc
1031 2067 1115 2132 ferus
1128 2069 1197 2133 alta

279 2169 454 2254 Surgentes
476 2171 598 2234 cervice
619 2175 718 2248 toros,
742 2191 827 2234 nunc
849 2172 941 2235 torva
962 2171 1021 2236 sub
1044 2173 1131 2235 hirta

277 2272 414 2338 Lumina
436 2276 571 2339 miratur
592 2273 709 2350 fronte,
733 2294 769 2338 ao
791 2275 855 2338 iam
878 2276 971 2358 signa
994 2283 1175 2341 moventem

279 2377 322 2441 Et
343 2399 454 2462 sparsa
476 2399 598 2462 pugnas
622 2378 827 2443 meditantem
851 2381 976 2462 spectat
997 2400 1103 2444 arena.

193 2479 290 2565 Verg.
312 2483 391 2547 Aen.
415 2481 454 2546 X.
478 2482 543 2546 454
566 2503 631 2564 seq.
1025 2487 1029 2495 '

383 2587 482 2668 utque
506 2585 566 2661 leo,
590 2584 719 2668 specula
742 2604 815 2648 cum
838 2584 917 2649 vidit
939 2585 980 2648 ab
1003 2586 1069 2649 alta

280 2687 372 2752 Stare
396 2689 508 2773 procul
531 2687 651 2771 campis
685 2690 890 2754 meditantem
914 2692 1036 2774 proelia
1057 2694 1198 2770 taurum,

282 2792 431 2858 Advolat.

150 2895 213 2959 Res
235 2901 421 2980 comparata
444 2898 579 2979 utroque
601 2896 672 2961 loco
695 2917 753 2978 par
775 2897 833 2959 est.
878 2896 940 2962 Hic
962 2900 1047 2963 enim
1070 2899 1199 2963 Turnus

152 3000 336 3084 aggreditur
352 2999 510 3076 Pallanta,
533 3000 599 3063 illic
616 2998 712 3083 Mago
726 3000 878 3084 Appium.
924 3001 1091 3068 Differunt
1101 3005 1199 3067 tertia

150 3105 408 3187 comparationis,
431 3125 501 3168 cum
525 3103 688 3187 Vergilius
709 3103 859 3168 ferociam
876 3105 1014 3190 impetus
1029 3109 1199 3193 exprimat,

151 3206 272 3271 Siliana
300 3212 406 3272 autern
441 3208 680 3291 comparatione
709 3210 821 3291 stupor
843 3211 939 3293 atque
963 3215 1066 3275 metus
1088 3234 1201 3296 aggre-

151 3309 268 3374 dientis
294 3311 500 3375 describatur.
548 3309 645 3374 Silius
678 3311 889 3395 amplificavit
918 3335 1010 3378 suum
1040 3316 1144 3379 locum
1167 3321 1201 3380 et

151 3413 325 3497 splendidis
347 3414 509 3479 coloribus
531 3415 714 3492 exornavit,
750 3417 786 3478 ut
808 3415 1042 3481 delineamenta
1071 3421 1199 3484 tantum

154 3516 341 3600 Vergiliana
363 3518 447 3602 apud
471 3540 542 3582 eum
565 3519 782 3582 inveniantur.

239 3619 282 3684 Et
304 3642 337 3684 re
361 3625 545 3706 comparata
568 3625 601 3686 et
622 3622 719 3687 tertio
750 3624 997 3709 comparationis
1019 3625 1202 3710 discrepant

152 3723 192 3787 ab
215 3724 264 3804 iis,
287 3747 326 3788 ex
349 3725 464 3808 quibus
487 3727 561 3788 sunt
586 3724 731 3803 haustae,
756 3726 816 3791 hae
839 3727 1111 3812 comparationes:

196 3825 251 3890 Sil.
273 3826 298 3891 l.
321 3829 382 3892 421
407 3850 472 3912 seq.

282 3929 467 3995 Fulmineus
490 3951 548 3995 ceu
571 3929 738 4014 Spartanis
760 3932 931 3996 latratibus
952 3935 1052 4011 actus,

284 4032 389 4108 Quum
411 4034 525 4098 silvam
548 4055 681 4098 occursu
704 4041 879 4101 venantum
901 4036 1050 4121 perdidit,
1073 4037 1157 4102 hirto

281 4135 448 4202 Horrescit
470 4138 565 4202 saetis
588 4137 681 4203 dorso
705 4142 737 4203 at
759 4146 918 4225 postrema
942 4141 1079 4226 capessit
