2700 4576
649 246 690 311 25

273 420 409 502 Proelia,
432 423 602 485 canentem
624 417 779 484 mandens
800 437 892 502 asper
915 437 970 480 ore
993 436 1156 496 eruorem3

271 523 408 608 Jamque
430 524 530 608 gemit
551 522 718 608 geminans
741 524 854 586 contra
877 519 1033 586 venabula
1052 519 1190 585 dentem.

188 645 285 732 Verg.
309 647 389 712 Aen.
411 646 450 711 X.
473 645 535 711 707
559 666 624 730 seq.

273 767 320 829 Ac
343 766 432 831 velut
452 767 507 831 ille
530 787 644 830 canum
668 786 777 830 morsu
799 765 838 828 de
860 762 1024 828 montibus
1048 759 1128 843 altis:

276 872 378 935 Actus
401 892 487 955 aper,
512 871 629 934 multos
651 870 789 935 Vesulus
811 890 906 954 quem
930 865 1046 953 pinifer
1068 887 1171 931 annos

272 974 427 1039 Defendit
448 975 604 1040 multosve
628 976 719 1060 palus
742 973 923 1058 Laurentia,
946 972 1026 1036 silva

274 1078 387 1143 Paetus
410 1080 606 1156 arundinea,
619 1081 792 1163 postquam
814 1079 898 1141 inter
921 1077 1000 1140 retia
1015 1075 1189 1153 ventumst,

274 1183 426 1247 Substitit
449 1183 676 1267 infremuitque
699 1183 790 1247 ferox
812 1184 845 1245 et
867 1179 1029 1244 inhorruit
1051 1198 1167 1253 armos,

275 1285 339 1350 Nec
364 1290 514 1371 cuiquam
536 1289 630 1352 irasci
653 1289 824 1372 propiusve
848 1285 995 1349 accedere
1020 1283 1128 1358 virtus,

277 1389 338 1454 Sed
360 1391 473 1456 iaculis
495 1393 637 1476 tutisque
660 1391 770 1477 procul
793 1389 985 1454 elamoribus
1005 1388 1147 1463 instant;

275 1494 332 1558 Ille
355 1501 462 1559 autem
494 1497 674 1581 impavidus
705 1500 814 1581 partes
837 1497 1004 1558 cunctatur
1026 1494 1060 1556 in
1086 1511 1196 1555 omnes

276 1599 436 1665 Dentibus
458 1600 654 1682 infrendens,
678 1604 711 1664 et
732 1603 826 1683 tergo
846 1598 968 1664 decutit
989 1598 1107 1663 hastas.

145 1721 244 1784 Silius
267 1722 408 1786 celebrat
430 1722 532 1787 Murri
555 1725 590 1786 in
613 1725 720 1787 hostes
748 1723 902 1787 irruentis
924 1723 1089 1805 impetum,
1114 1718 1196 1784 Ver-

148 1826 245 1907 gilius
267 1827 417 1890 timorem
448 1849 569 1902 eorum,
594 1830 649 1912 qui
674 1827 867 1892 Mezentium
898 1826 1027 1910 aggredi
1051 1846 1118 1889 non
1141 1844 1197 1887 au·

146 1930 233 1994 dent.
278 1929 449 1996 Contraxit
477 1931 574 1996 Silius
606 1933 709 1997 locum
734 1931 958 2017 Vergilianum
989 1932 1022 1994 et
1043 1950 1091 2007 ea,
1115 1949 1197 2012 quae

146 2034 188 2098 ab
205 2035 262 2100 illo
278 2058 393 2100 novem
408 2036 554 2102 versibus
568 2041 759 2114 tractantur,
775 2038 918 2121 quinque
936 2034 1084 2100 absolvit.
1115 2032 1198 2098 Ver·

146 2140 244 2222 gilius
272 2141 390 2224 petivit
419 2163 512 2204 suum
542 2142 647 2206 locum
675 2143 715 2206 ab
738 2141 888 2218 Homero,
922 2141 977 2224 qui
1010 2137 1149 2222 Ulyxem
1178 2159 1198 2201 a

147 2242 295 2308 Troianis
324 2245 575 2311 circumventum
608 2249 774 2330 comparat
796 2266 868 2308 eum
891 2265 969 2329 apro
993 2242 1030 2307 Il.
1053 2240 1110 2307 XI.
1133 2241 1198 2306 414

147 2368 212 2430 seq.
258 2346 352 2413 Haud
375 2349 440 2413 scio
464 2369 503 2412 an
528 2350 614 2434 apud
637 2349 750 2415 Silium
775 2368 902 2432 quoque
925 2345 1110 2410 inveniatur
1127 2345 1199 2408 imi·

146 2451 227 2514 tatio
250 2451 312 2515 loci
335 2452 509 2530 Homerici,
533 2454 603 2518 dico
626 2452 663 2516 ll.
687 2452 776 2518 XIII.
797 2452 857 2517 471
884 2473 949 2534 seq.

192 2569 249 2635 Sil.
272 2570 344 2635 XII.
368 2574 387 2637 6
411 2594 478 2656 seq.

544 2674 608 2741 Ceu
630 2676 760 2741 condita
782 2675 906 2754 bruma,

276 2778 364 2844 Dum
390 2780 533 2865 Rhipaea
557 2781 665 2863 rigent
686 2780 855 2864 Aquilonis
877 2777 1020 2858 flamina,
1043 2777 1174 2842 tandem

278 2883 409 2949 Evolvit
431 2905 561 2969 serpens
584 2906 700 2949 arcano
724 2885 868 2949 membra
887 2883 996 2959 cubili,

278 2987 322 3052 Et
343 2989 532 3073 splendente
555 2990 605 3053 die
628 3011 730 3054 novus
752 2991 868 3054 emicat
891 2990 987 3072 atque
1011 3007 1176 3052 coruscum

278 3089 355 3154 Fert
378 3097 528 3176 caputet
551 3093 672 3156 saniem
696 3093 829 3157 sublatis
853 3091 999 3155 faucibus
1021 3089 1119 3154 efflat.

192 3209 288 3293 Verg.
312 3210 392 3275 Aen.
416 3211 456 3276 ΙΙ.
479 3213 540 3277 471
568 3235 632 3297 seq.

278 3311 388 3388 Qualis
411 3315 466 3378 ubi
489 3316 524 3381 iu
544 3315 648 3380 lucem
671 3317 801 3382 coluber
824 3316 907 3381 mala
920 3314 1065 3399 gramina
1080 3314 1200 3397 pastus,

279 3417 408 3501 Frigida
431 3420 490 3484 sub
513 3424 600 3484 terra
621 3422 778 3486 tumidum
801 3443 896 3506 quern
923 3421 1037 3485 bruma
1058 3416 1201 3501 tegebat,

283 3520 378 3587 Nunc
399 3524 512 3606 positis
535 3546 636 3589 novus
659 3526 780 3590 exuviis
803 3524 987 3608 nitidusque
1009 3523 1141 3587 iuventa

279 3623 418 3690 Lubrica
440 3629 604 3693 convolvit
626 3629 752 3694 sublato
776 3631 904 3714 pectora
926 3631 1028 3713 terga,

279 3727 407 3793 Arduus
430 3730 468 3793 ad
492 3731 603 3808 solem,
626 3734 659 3795 et
680 3732 797 3815 linguis
822 3732 919 3796 micat
941 3751 995 3794 ore
1017 3729 1166 3794 trisulcis.

152 3847 181 3912 A
204 3847 283 3914 Silio
306 3847 488 3930 Hannibal,
512 3853 567 3936 qui
590 3873 663 3916 vere
685 3854 817 3918 ineunte
838 3852 1060 3939 proficiscitur,
1083 3871 1101 3915 a
1123 3849 1201 3916 Ver-

151 3951 231 4034 gilio
255 3951 399 4037 Pyrrhus
421 3977 569 4040 pugnans
601 3967 815 4041 comparatur.
858 3956 981 4023 Similis
1002 3956 1091 4020 locus
1113 3957 1201 4020 extat

150 4057 235 4223 aplud
258 4055 374 4122 Silium
397 4058 467 4125 XV.
492 4060 554 4124 447
575 4081 651 4144 seq,
680 4062 736 4144 qui
759 4083 823 4126 non
846 4061 952 4125 minus
974 4059 1098 4124 redolet
1119 4058 1200 4124 Ver·

149 4180 183 4244 gi
196 4181 272 4223 rum.
