2700 4576
657 252 697 316 17

149 425 280 506 habent,
303 427 396 490 illum
417 425 547 490 modum
569 425 602 488 iu
627 425 774 509 plurimis
796 428 986 510 usurpatum
1007 448 1085 509 esse,
1114 428 1201 493 hunc

150 532 187 595 in
210 532 379 616 perpaucis
407 534 535 593 tantum
566 533 676 593 extare
702 529 909 599 inveniemus.
955 530 1076 596 Eodem
1105 534 1200 599 modo

153 657 205 701 res
227 656 261 699 se
283 634 382 699 habet
411 634 495 718 apud
526 632 706 717 Vergilium
736 633 834 717 (quod
864 633 973 699 docuit
993 635 1106 701 Justus
1129 636 1200 702 Jec-

155 740 237 825 pius,
260 740 281 803 l.
304 760 332 802 c.
356 759 431 823 pag.
456 738 511 822 26)
541 742 574 800 et
603 738 686 822 apud
712 735 882 823 Papinium
904 738 1042 804 Statium
1066 739 1202 821 (Krause

151 845 173 907 l.
197 865 224 908 c.
249 865 321 928 pag.
338 844 394 926 36)
416 844 450 906 et
472 841 556 926 apud
579 839 743 906 Valerium
768 841 917 906 Flaccum
939 843 1126 928 (Bussenius
1140 847 1161 910 l.
1174 867 1201 911 c.

151 965 225 1029 pag.
242 945 305 1031 16).
350 945 515 1009 Differunt
532 965 606 1009 vero
623 945 708 1008 modi
724 944 809 1009 inter
821 968 853 1010 se
876 947 932 1022 ita,
958 951 994 1010 ut
1011 948 1202 1015 indicativus

152 1048 311 1130 exprimat
333 1070 383 1126 ea,
420 1069 501 1131 quae
525 1047 619 1111 nobis
641 1051 868 1133 proponuntur
889 1052 1055 1132 tamquam
1077 1051 1104 1114 si
1127 1072 1201 1116 vere

149 1152 247 1228 fiant,
283 1152 507 1216 coniunctivus
540 1154 648 1214 autem
678 1171 731 1228 ea,
755 1171 837 1234 quae
864 1151 934 1215 fieri
962 1155 1090 1216 tautum
1112 1155 1201 1241 cogi-

148 1259 275 1332 tantur,
299 1257 345 1319 ita
368 1255 505 1339 quidem,
530 1259 566 1318 ut
587 1259 693 1318 utrum
715 1276 749 1318 re
774 1277 847 1319 vera
870 1256 952 1319 fiant
975 1278 1031 1320 nec
1054 1278 1103 1335 ne,
1135 1279 1200 1322 non

148 1361 288 1426 intersit.
348 1360 395 1424 Ea
426 1363 543 1438 autem,
565 1381 647 1442 quae
681 1381 715 1423 re
749 1381 824 1422 vera
855 1360 955 1438 fiunt,
989 1368 1123 1444 possunt
1154 1363 1201 1426 ita

150 1466 299 1549 proponi,
333 1467 368 1528 ut
390 1485 519 1547 quoquo
542 1464 636 1528 modo
671 1464 761 1541 fiant,
798 1465 854 1526 aut
880 1464 1066 1528 condicione
1090 1465 1200 1548 aliqua

148 1570 397 1653 restringantur.

237 1672 386 1737 Valerius
409 1671 542 1734 Flaccus
565 1673 598 1735 et
618 1670 772 1754 Papinius
795 1670 917 1736 Statius
941 1673 1106 1737 nonnullis
1121 1674 1200 1738 locis

149 1777 347 1840 miscuerunt
369 1774 480 1839 modos
503 1772 640 1852 (Krausc
663 1774 684 1836 l.
708 1796 734 1836 c.
759 1794 832 1857 pag.
856 1775 907 1838 38.
931 1773 1105 1839 Bussenius
1127 1777 1148 1839 l.
1172 1797 1199 1840 c.

149 1901 222 1964 pag.
251 1881 313 1958 16),
336 1879 433 1944 Silius
455 1878 515 1941 hoc
536 1876 638 1941 facere
662 1899 725 1942 nou
750 1882 799 1940 est
820 1898 924 1942 ausus.

184 2060 186 2064 ι
235 1983 430 2068 Temporum
452 2004 579 2066 quoqne
601 1983 684 2046 ratio
707 1983 791 2066 apud
816 1982 931 2047 Silium
960 1985 1008 2047 est
1030 1984 1200 2068 simplicis-

147 2090 238 2153 sima.
284 2089 404 2153 Earum
426 2089 712 2172 comparationum,
735 2109 816 2170 quae
839 2087 968 2151 modum
991 2088 1200 2154 indicativum

149 2192 282 2274 habent,
306 2193 398 2276 longe
421 2193 579 2277 plurimae
603 2191 726 2255 habent
748 2196 874 2276 tempus
892 2212 1052 2276 praesens,
1077 2214 1140 2276 quo
1163 2216 1201 2258 ca

146 2296 307 2381 imprimis
329 2296 562 2381 significantur,
584 2315 665 2377 quae
688 2295 721 2358 in
738 2296 853 2358 natura
876 2298 908 2358 ct
930 2293 1072 2358 animata
1094 2300 1127 2359 ct
1149 2298 1199 2361 in·

149 2400 257 2463 anima
287 2400 392 2463 solent
421 2399 509 2474 fieri3
542 2402 684 2481 tempore
708 2396 975 2481 perfecto-octies
996 2417 1072 2461 usus
1094 2400 1200 2464 estin

149 2503 445 2587 comparationibus
467 2502 699 2587 mythologicis
722 2505 755 2564 et
780 2502 939 2565 historicis
956 2502 996 2566 ad
1013 2503 1200 2586 significan·

147 2606 204 2671 das
227 2627 279 2670 eas
302 2628 362 2681 res,
385 2627 466 2689 quae
489 2605 586 2669 semel
608 2607 736 2668 tantum
758 2603 958 2668 acciderunt:
981 2603 1038 2669 IV.
1052 2605 1114 2669 275
1131 2626 1197 2690 seq.

147 2709 201 2774 VI.
228 2712 285 2774 181
312 2732 377 2794 seq.
401 2709 473 2774 VII.
501 2713 560 2772 120
584 2730 650 2792 seq.
673 2708 744 2773 Vll.
770 2709 833 2773 688
856 2729 921 2791 seq.
946 2708 1027 2773 VIII.
1052 2710 1115 2774 619
1131 2731 1196 2795 seq.

148 2813 204 2879 IX.
228 2815 291 2880 305
314 2836 379 2898 seq.
403 2812 490 2878 XIV.
514 2814 588 2878 479.
612 2834 677 2896 seq.
697 2811 800 2877 XVII.
823 2813 886 2876 592
909 2834 973 2896 seq.

238 2917 414 2984 Nonnullis
442 2919 521 2982 locis
550 2921 678 3002 tempus
705 2938 855 3000 praesens
877 2938 939 2980 una
961 2937 1032 2981 cum
1054 2920 1199 3003 tempore

147 3021 289 3104 perfecto
321 3023 355 3085 in
389 3023 498 3087 eadem
521 3023 761 3105 comparatione
785 3022 964 3086 invenitur:
998 3020 1040 3086 II.
1066 3023 1106 3088 73
1129 3045 1195 3108 seq.

101 3204 104 3209 Ι
146 3124 190 3190 II.
213 3125 275 3190 671
299 3146 365 3208 seq.
396 3125 450 3190 IV.
473 3126 535 3190 302
559 3147 624 3209 seq.
648 3124 688 3189 V.
714 3125 776 3189 384
798 3146 863 3209 seq.
885 3123 957 3189 VII.
985 3126 1047 3190 569
1068 3146 1132 3211 seq.
1156 3124 1197 3190 X.

149 3231 209 3295 321
235 3251 302 3315 seq.
348 3226 423 3294 Non
459 3230 599 3313 pertinet
633 3229 696 3292 huc
719 3227 777 3292 ΙΙΙ.
800 3228 863 3291 227
887 3249 951 3311 seq.
976 3229 1030 3293 ubi
1051 3235 1197 3313 tempora

146 3335 314 3397 mutantur
337 3333 422 3416 quod
445 3333 547 3396 altera
569 3333 768 3416 comparatio
791 3353 810 3395 a
832 3337 949 3395 natura
969 3333 1072 3416 petita
1093 3339 1142 3397 cst
1164 3337 1197 3398 et

146 3458 214 3502 rem
236 3438 416 3521 significat,
440 3458 521 3521 quae
545 3436 672 3521 saepius
694 3441 801 3521 potest
823 3436 960 3512 evenire,
983 3437 1093 3513 altera,
1114 3459 1196 3521 quac

147 3538 189 3602 ab
211 3539 347 3606 historia
370 3541 472 3625 petita
494 3543 552 3617 est,
576 3561 642 3603 rom
666 3539 763 3603 semel
786 3538 905 3602 factam
927 3543 1064 3604 enarrat.

234 3644 338 3709 Semel
361 3646 526 3710 invenitur
546 3658 674 3728 tempus
696 3641 922 3726 imperfectum
943 3643 1018 3708 Vll.
1044 3644 1107 3709 596
1130 3666 1196 3728 scq.

235 3747 347 3832 Neque
373 3748 720 3833 plusquamperfectum
744 3749 888 3830 tempus,
924 3747 1008 3830 quod
1032 3746 1195 3812 Valerium

147 3849 295 3914 Flaccum
308 3850 332 3914 Ι.
346 3852 409 3915 406
432 3873 599 3935 usurpasse
618 3851 721 3926 video,
745 3847 1018 3932 nequeuntem,
1041 3851 1196 3936 qroer-

146 3953 243 4039 gilius
266 3955 347 4018 Aen.
369 3955 408 4020 II.
434 3956 496 4020 206
520 3960 552 4020 et
574 3957 654 4032 451,
686 3955 744 4018 ecl.
769 3953 854 4019 VIII.
877 3957 918 4021 27
941 3959 973 4021 et
995 3957 1034 4021 X.
1056 3958 1098 4022 54
1120 3977 1196 4023 usus

145 4062 203 4137 est,
227 4060 390 4124 invenitur
412 4061 497 4146 apud
520 4058 643 4124 Silium.

965 4266 998 4335 ‘t
