2700 4576
651 257 691 322 18

233 429 391 516 Tempora
426 429 512 495 modi
546 431 741 494 coniunctivi
776 430 887 514 paucis
920 431 1027 496 verbis
1061 435 1196 516 possunt

146 537 279 602 absolvi.

231 641 371 723 Tempus
404 660 554 722 praesens
588 659 652 701 uno
686 640 814 701 tantum
843 639 913 702 loco
938 642 1046 702 extare
1070 640 1199 705 inveni:

145 742 170 805 Ι.
195 742 269 811 224.
314 742 453 826 Tempus
486 741 665 825 perfectum
699 742 861 805 invenitur
888 742 945 807 ΙΙΙ.
970 744 1032 809 307
1056 747 1089 808 et
1111 744 1198 810 XVI.

149 847 209 909 102
234 868 300 929 seq.
356 845 496 930 Tempus
529 845 753 930 imperfectum
789 867 852 910 non
887 848 997 929 paucis
1029 848 1108 912 locis
1141 851 1198 926 est,

146 953 243 1034 atque
266 950 454 1034 plerumque
477 950 603 1032 quidam
626 970 682 1013 eac
704 951 961 1034 comparationes
989 952 1101 1016 breves
1124 959 1200 1015 sunt

146 1054 184 1118 cl.
207 1053 262 1118 XI.
288 1057 326 1117 12
351 1075 415 1137 seq.
441 1056 475 1118 et
496 1052 573 1142 xm
595 1055 657 1116 238
681 1075 747 1136 seq.

234 1158 280 1222 Ut
302 1181 341 1222 cx
363 1159 413 1236 iis,
437 1180 517 1242 quae
541 1158 734 1241 protulimus
746 1158 1016 1241 simplicissimam
1038 1180 1105 1222 esse
1121 1162 1201 1221 tem·

149 1285 262 1347 porum
286 1285 322 1326 ac
344 1264 509 1326 modorum
532 1263 690 1325 rationem
714 1262 799 1345 apud
822 1261 937 1328 Silium
961 1263 1074 1339 elucet,
1098 1263 1143 1326 sic
1160 1283 1200 1325 ex

146 1368 197 1447 iis,
220 1388 301 1451 quac
313 1369 501 1450 sequuntur,
524 1368 558 1429 in
574 1366 751 1429 inserendis
763 1386 890 1449 quoque
904 1365 1200 1451 comparationibus

149 1472 263 1537 Silium
287 1471 465 1555 neglexisse
489 1470 687 1546 varietatem,
711 1491 806 1552 quam
826 1471 963 1554 exempli
986 1491 1080 1534 causa
1102 1468 1201 1553 Papi-

148 1577 221 1638 nius
245 1575 366 1639 Statius
388 1576 422 1637 in
446 1574 510 1637 suis
533 1574 829 1657 comparationibus
859 1574 964 1637 studio
988 1581 1085 1656 atque
1107 1573 1201 1637 indu·

148 1680 226 1742 stria
249 1679 407 1762 quaesivit
428 1675 562 1759 (Kranae
585 1677 606 1739 l.
630 1698 655 1740 c.
680 1698 753 1761 pag.
772 1678 814 1740 34
828 1681 861 1740 et
875 1678 939 1759 38),
963 1677 1199 1760 intellegemus.

234 1782 299 1846 Ubi
331 1783 528 1866 comparatio
562 1783 594 1845 et
624 1803 675 1844 res
705 1785 892 1864 comparata
922 1780 982 1844 sibi
1005 1781 1201 1865 respondent

148 1886 324 1971 particulis,
348 1886 433 1967 qnod
457 1885 584 1968 quidem
608 1883 766 1948 rarissime
790 1883 828 1946 fit
850 1883 936 1968 apud
959 1883 1088 1963 Silium,
1114 1905 1201 1948 com-

149 1989 274 2073 paratio
298 1989 484 2052 antecedere
508 1987 590 2051 solet
613 1989 658 2052 rei
680 1988 898 2053 illustrandae.
944 1987 1000 2051 Fit
1022 1992 1128 2050 autem
1152 2008 1202 2051 re·

148 2093 277 2176 sponsio
301 2113 377 2175 per:

149 2194 295 2270 Quantus
317 2201 410 2275 (non)
435 2232 473 2242 -
499 2199 609 2259 tantus
632 2195 685 2259 111.
713 2197 782 2273 192,
807 2194 864 2260 ΙΙΙ.
890 2195 963 2275 208,
986 2193 1044 2259 IV.
1067 2195 1147 2273 2753

148 2299 311 2374 Quantum
337 2335 374 2346 -
399 2302 465 2362 tam
488 2300 586 2383 longa
609 2298 664 2363 ΙΙΙ.
688 2301 772 2376 483;

150 2403 261 2480 Qualis
283 2441 327 2451 —
349 2407 406 2467 aut
433 2408 572 2486 quantus
597 2442 633 2450 —
655 2405 821 2488 qualisque
843 2440 887 2450 -
909 2405 1020 2467 tantus
1043 2402 1095 2467 VI.
1121 2403 1200 2478 1813

150 2507 376 2592 Quantumque
399 2528 498 2591 quum
522 2544 561 2554 -
586 2512 643 2571 aut
665 2530 764 2592 quum
787 2545 830 2555 -
853 2511 981 2576 tantum
1005 2506 1088 2571 XVI.
1113 2508 1171 2582 963

151 2611 217 2676 Ocu
241 2612 325 2676 haud
348 2632 437 2676 secus
459 2610 515 2676 IV.
540 2612 620 2688 3723

150 2717 196 2781 Ut
218 2715 305 2780 haud
330 2737 418 2779 secus
440 2715 497 2780 IV.
521 2716 593 2780 564.

237 2817 310 2883 Uno
334 2819 404 2882 loco
426 2820 517 2882 extat
538 2818 612 2880 talis
635 2818 818 2902 responsio,
852 2839 1045 2907 quamquam
1074 2839 1203 2902 compa

151 2924 233 2988 ratio
256 2924 401 3005 sequitur
424 2944 492 2986 rem
516 2926 752 3006 comparatam:
776 2921 845 2988 Nec
867 2923 1032 3005 magis-
1055 2922 1199 3006 quamsi

149 3025 203 3090 IX.
228 3027 301 3090 319.

235 3129 310 3195 Jam
333 3130 371 3193 ad
395 3151 448 3194 eos
471 3129 656 3194 accedamus
677 3130 774 3207 locos,
799 3130 915 3213 quibus
937 3131 1134 3214 comparatio
1152 3150 1202 3192 se·

150 3237 260 3320 quitur
292 3256 359 3299 rem
392 3241 627 3319 comparatam,
662 3256 742 3318 quae
776 3235 942 3319 particulis
972 3233 1200 3317 comparativis

155 3342 258 3416 carct3
283 3339 468 3404 coniunctio
491 3339 530 3402 fit
551 3360 621 3422 per:

153 3442 277 3517 Qualis:
311 3444 336 3507 Ι.
361 3443 433 3520 358,
468 3441 508 3506 ΙΙ.
534 3442 585 3518 73,
615 3439 685 3505 VII.
710 3440 784 3518 596,
815 3438 902 3505 XIII.
928 3440 1000 3518 200,
1022 3437 1105 3502 XIV.
1130 3438 1203 3516 470,

196 3547 297 3612 XVII.
322 3547 395 3625 447,
421 3545 523 3611 XVII.
545 3546 616 3610 487.

151 3650 261 3726 Qualis
284 3671 398 3734 quum:
431 3649 501 3715 VII.
528 3651 598 3715 139.
644 3647 755 3722 Qualis
776 3649 850 3713 ubi:
873 3647 913 3713 ΙΙ.
938 3647 1011 3726 071,
1035 3645 1104 3712 VII.
1129 3647 1203 3711 639.

193 3755 280 3820 Talis
292 3755 365 3818 ubi:
389 3753 413 3817 Ι.
432 3755 505 3819 468.
539 3752 700 3828 Quantus:
725 3751 752 3817 Ι.
769 3753 843 3833 433,
868 3749 955 3815 XIII.
971 3751 1045 3815 240.
1079 3749 1203 3814 Tantus

193 3878 306 3942 quum:
329 3855 416 3921 VIII.
440 3857 512 3921 620.

150 3960 212 4027 Ut:
243 3959 267 4023 I.
293 3960 365 4037 324,
397 3959 422 4022 Ι.
446 3960 519 4038 461,
552 3959 577 4024 Ι.
601 3960 673 4042 687,
701 3957 743 4023 II.
767 3959 840 4040 289,
868 3957 924 4023 IV.
950 3957 1023 4038 620,
1045 3956 1104 4022 IV.
1129 3955 1202 4033 663,

193 4064 251 4132 IV.
276 4062 347 4143 770,
372 4061 446 4127 VII.
474 4066 545 4144 120,
568 4062 652 4128 VlIl.
677 4065 752 4143 467,
774 4061 861 4127 XIV.
885 4061 937 4127 61.
