2700 4576
681 301 700 366 7

155 472 198 538 V.
221 474 285 538 309
307 493 373 557 seq.
396 472 435 537 X.
465 472 527 536 124
552 494 617 556 seq.
640 472 679 540 X.
705 473 765 538 241
792 496 857 559 seq.
881 475 938 540 XI.
960 475 1023 540 243
1046 498 1111 561 seq.
1132 474 1205 542 XII.

157 578 220 644 458
243 577 333 661 seq.),
357 578 455 659 tigres
477 575 546 660 (IV.
571 577 631 640 331
656 598 723 662 seq.
748 577 782 642 V.
809 581 871 644 280
890 602 955 664 seq.
978 580 1017 645 X.
1034 582 1097 646 293
1115 583 1206 666 seq.).

157 700 247 744 ursos
267 679 337 764 (IV.
360 681 422 744 563
444 683 535 764 seq.)‚
561 680 652 764 lupos
674 679 760 758 (Vll.
785 682 949 767 717seq.)‚
975 704 1071 768 apros
1094 682 1132 765 (Ι.
1144 685 1205 749 421

158 785 250 868 seq.).
295 785 459 848 Animalia
481 785 665 862 domestica,
688 788 726 848 nt
749 786 807 850 hac
830 791 1011 863 nocenter,
1043 788 1211 872 perpaucis

158 891 285 953 tantum
307 889 519 953 inveniuntur
541 888 636 953 locis:
660 889 735 972 equi
758 888 841 973 (XV.
864 891 927 955 210
951 893 1038 975 seq.)‚
1069 890 1153 956 tauri
1176 894 1209 957 et

159 994 314 1057 iuvencae
337 993 409 1078 (IV.
435 994 498 1056 302
510 1014 574 1076 seq.
593 997 626 1055 et
640 991 727 1056 XVI.
739 997 759 1056 4
771 995 862 1078 seq.),
886 1015 981 1060 canes
1004 995 1056 1078 (Χ.
1074 996 1114 1060 77
1127 995 1208 1081 seq.)

157 1093 207 1159 Ex
234 1095 346 1159 avibus
376 1095 476 1160 habet
504 1094 602 1159 Silius
629 1095 664 1159 in
692 1098 986 1180 comparationibus
1009 1097 1134 1182 aquilas
1155 1096 1208 1184 (X.

161 1197 222 1262 108
243 1218 310 1281 seq.
336 1196 409 1262 ΧΙΙ.
437 1199 477 1262 55
490 1198 580 1281 seq.),
604 1197 709 1261 olores
730 1197 829 1283 (XIV.
850 1201 910 1264 189
924 1208 1014 1284 seq);
1034 1201 1210 1265 nonnullae

157 1303 415 1386 comparationes
437 1303 593 1386 petuntur
615 1323 634 1363 a
657 1302 860 1385 serpentibus
883 1302 1113 1389 (111.208seq.
1136 1303 1210 1368 XII.

159 1409 178 1473 6
201 1429 266 1491 seq.
290 1404 361 1470 XV.
386 1406 448 1470 485
472 1427 537 1489 seq.
560 1404 662 1469 XVII.
686 1407 750 1470 447
775 1407 865 1491 seq.).
909 1406 1014 1471 Semel
1042 1408 1209 1471 inveniun-

157 1515 211 1577 tur
233 1532 310 1596 apes
332 1508 387 1595 (ΙΙ.
412 1511 474 1574 215
497 1511 587 1594 seq.).
633 1510 775 1574 Arbores
803 1531 868 1574 non
902 1511 963 1577 nisi
993 1533 1058 1576 uno
1080 1511 1151 1576 loco
1174 1511 1209 1574 in

157 1614 398 1700 comparatione
418 1614 529 1677 insunt
551 1611 590 1677 Χ.
617 1614 679 1677 164
701 1633 767 1696 seq.

243 1719 317 1784 dam
353 1718 599 1803 progrediamur
634 1718 674 1780 ad
709 1718 947 1801 perlustrandas
978 1718 1211 1803 mythologicas

159 1821 426 1905 comparationes.
471 1819 550 1884 Cum
572 1818 733 1883 Homerus
754 1841 850 1903 quam
870 1820 1113 1906 simplicissimis
1124 1840 1211 1885 com·

159 1926 381 2011 potationibus
413 1946 451 1988 ea
473 1944 555 2007 quae
584 1928 697 1986 narrat
724 1924 913 1989 adumbrare
936 1926 1063 1991 studeat
1083 1927 1117 1989 et
1137 1925 1211 1989 illu·

159 2034 260 2095 strare
283 2033 315 2093 et
338 2029 440 2093 abiis
463 2027 575 2105 rebus,
607 2048 688 2111 quae
719 2049 844 2112 semper
873 2029 908 2092 in
929 2032 1103 2113 conspectu
1125 2029 1210 2104 sunt,

158 2134 272 2197 melius
294 2135 447 2218 petantur
461 2133 729 2216 comparationes,
754 2152 850 2215 quam
869 2133 910 2195 ab
931 2132 970 2196 iis
993 2152 1075 2216 quae
1098 2131 1209 2194 auditu

158 2239 286 2301 tantum
316 2239 391 2301 sunt
420 2238 533 2319 notae,
567 2236 652 2319 quod
675 2235 926 2318 mythologicum
955 2256 1058 2320 genus
1081 2254 1210 2318 perraro

158 2341 242 2424 apud
271 2341 362 2403 illum
385 2339 558 2416 invenitur,
591 2337 772 2402 mirandum
805 2360 871 2402 non
895 2341 951 2402 est.
995 2337 1113 2422 Epicos
1134 2359 1211 2402 vero

158 2443 321 2508 Romanos
344 2444 384 2506 ab
407 2443 466 2506 hoc
488 2462 606 2526 genere
629 2443 790 2506 abstinere
811 2465 877 2507 non
893 2446 961 2506 erat
977 2464 1116 2519 necesse,
1139 2463 1211 2506 cum

161 2566 227 2609 non
251 2545 450 2609 multitudini
472 2545 660 2620 scriberent,
684 2546 737 2608 sed
750 2545 883 2610 eruditis
898 2546 1211 2628 offerrentcarmina,

159 2671 239 2733 quos
260 2671 367 2713 rerum
392 2649 678 2733 mythologicarum
703 2651 825 2734 peritos
847 2671 914 2714 esee
936 2650 1021 2714 haud
1044 2652 1210 2733 ignorave-

159 2757 245 2818 runt.
291 2752 361 2818 Huc
384 2756 528 2838 spectare
560 2753 775 2818 differentiam
808 2777 896 2833 usus,
929 2775 1011 2839 quae
1038 2754 1210 2819 intercedit

158 2859 244 2924 inter
267 2858 441 2922 Homerum
466 2860 500 2921 et
521 2857 629 2941 epicos
652 2854 796 2935 Latinos,
818 2880 921 2942 neque
945 2859 984 2924 ed
1002 2880 1211 2924 morumcor·

159 2962 318 3046 ruptelam
342 2983 411 3025 eam
447 2981 515 3024 esse
549 2961 770 3037 revocandam,
794 2965 834 3026 ut
855 2961 979 3027 Kranae
1001 2963 1023 3026 l.
1045 2984 1071 3028 c.
1095 2983 1166 3048 pag.
1191 2964 1209 3024 6

159 3086 225 3148 seq.
248 3064 408 3152 affirmat,
444 3065 523 3130 mihi
555 3065 684 3150 quidem
718 3068 767 3129 est
797 3086 995 3150 persuasum.
1041 3064 1210 3131 Latissime

159 3169 455 3253 mythologicarum
484 3170 761 3255 comparationum
791 3191 867 3234 usus
894 3173 984 3254 patet
1006 3169 1090 3253 apud
1112 3168 1210 3233 Vale-

159 3274 242 3338 rium
266 3272 435 3350 Flaccum3
458 3274 555 3358 paulo
578 3275 684 3338 minor
706 3277 754 3338 est
776 3295 927 3338 numerus
947 3273 1031 3358 apud
1048 3272 1126 3357 Pap.
1140 3271 1212 3337 Sta·

159 3377 250 3442 tium.
295 3375 392 3442 Silius
424 3398 519 3454 vero,
553 3378 580 3440 si
606 3377 737 3461 respicis
767 3376 916 3440 carminis
943 3374 1211 3460 magnitudinem,

161 3479 259 3545 habet
281 3501 409 3567 pancas,
437 3482 475 3546 16
498 3482 584 3544 enim
606 3480 691 3565 apud
714 3502 786 3544 eum
802 3480 1021 3545 inveniuntur.
1066 3477 1214 3542 Laudan-

161 3584 220 3649 dus
242 3587 396 3670 estquod
420 3586 577 3651 abstinuit
599 3585 743 3650 obscuris
764 3583 884 3650 fabulis
906 3589 939 3649 et
950 3583 1078 3669 ignotis,
1096 3603 1213 3667 quasa

160 3687 236 3773 Pap.
261 3687 365 3755 Statio
388 3693 421 3754 et
442 3690 514 3755 Val.
538 3690 652 3754 Flacco
683 3708 880 3773 magnopere
908 3689 1009 3753 amari
1039 3688 1213 3753 Bussenius

159 3793 181 3856 l.
204 3814 231 3858 c.
254 3814 326 3879 pag.
351 3794 381 3858 8.
404 3795 552 3859 ostendIt.

248 3897 462 3962 Inveniuntur
484 3901 591 3962 autem
613 3898 648 3961 in
672 3896 967 3982 comparationibus
990 3894 1214 3981 mythologicis

158 3999 1213 4088 Juppiter(IX.305seq.),Neptunus(lll.410seq.VII.254seq.)‚

158 4104 255 4170 Pluto
265 4103 353 4190 (VII.
368 4106 431 4171 688
442 4106 531 4191 seq.)‚
547 4106 634 4172 Mars
649 4105 686 4191 (Ι.
699 4105 763 4168 433
776 4126 841 4189 seq.
854 4100 956 4171 XVII.
968 4105 1031 4168 487
1041 4103 1134 4190 seq.)‚
1156 4102 1212 4167 Li·

159 4209 217 4276 ber
225 4214 258 4276 et
269 4210 424 4275 Hercules
435 4209 544 4294 (XVII.
559 4211 621 4276 647
630 4212 718 4294 seq.),
733 4205 835 4273 Diana
847 4207 1222 4296 (XVVbbseomxae-
