2700 4576
649 264 689 325 10

146 437 277 520 petitae,
303 434 356 500 VI.
384 436 440 499 181
465 457 531 519 seq.
553 434 608 498 IX.
632 435 694 499 305
718 457 783 519 seq.
807 435 910 500 XVII.
933 437 995 501 647
1014 457 1089 520 seq,
1112 457 1194 521 quae

146 541 184 604 ad
217 540 448 624 mythologiam
477 541 649 625 pertinent.
695 539 869 604 Nonnullis
898 542 977 606 locis
999 542 1097 608 Silius
1120 543 1193 627 plus

147 667 243 730 quam
272 645 350 708 duas
378 646 634 729 comparationes
661 646 844 729 coniungit:
870 649 943 710 tres
964 647 999 710 in
1022 647 1130 711 venies
1152 645 1193 710 V.

147 751 210 815 280
232 771 298 834 seq.
321 747 391 813 Xll.
418 750 478 814 186
501 771 568 833 seq.
591 749 677 813 XIV.
704 751 764 814 143
776 771 841 833 seq.
865 753 1019 834 quattuor
1042 750 1118 816 XV.
1131 752 1194 816 569

147 875 213 938 seq.
235 852 323 918 XVI.
348 854 388 919 35
413 876 488 938 seq,
511 854 653 938 quinque
676 852 746 917 XV.
772 854 834 917 712
850 875 916 937 seq.
963 856 1105 938 Apparet
1127 876 1191 918 non

147 958 289 1042 potuisse
311 958 380 1022 11111
403 962 439 1021 ut
461 962 527 1022 tres
550 958 601 1021 vel
616 961 769 1040 quattuor
780 959 1035 1042 comparationes
1048 959 1080 1022 in
1095 980 1195 1023 unum

146 1062 251 1126 locum
274 1066 443 1146 congestae
467 1063 645 1126 accuratius
668 1064 892 1140 tractarentur,
915 1084 986 1126 cum
1008 1066 1055 1129 ita
1077 1064 1196 1128 oratio-

147 1166 197 1228 nis
220 1187 319 1229 nexus
350 1166 446 1229 nimis
477 1165 726 1241 distraheretur;
759 1166 841 1230 hauc
864 1167 905 1228 ob
935 1186 1061 1229 causam
1085 1167 1195 1250 paucis

144 1271 273 1361 tanturn
296 1270 401 1333 verbis
424 1270 632 1332 continentur
654 1292 757 1353 neque
780 1270 916 1334 duorum
937 1271 989 1334 vel
1004 1271 1104 1334 trium
1127 1292 1195 1335 ver-

147 1395 238 1436 suum
262 1373 402 1458 spatium
426 1374 582 1437 excedunt
604 1374 685 1436 tales
706 1373 780 1436 loci.
825 1373 929 1437 Semel
950 1374 1120 1437 coniunxit
1147 1371 1197 1437 Si·

146 1476 208 1539 lius
241 1477 319 1541 duas
350 1469 604 1560 comparationes
636 1477 673 1538 ad
708 1478 846 1540 diversas
880 1499 930 1540 res
960 1477 1196 1561 significandas.

148 1579 234 1646 VIII.
263 1583 325 1646 426
357 1604 436 1666 seq.,
470 1582 573 1645 altera
604 1583 844 1665 comparatione
875 1582 1063 1664 multitudo,
1095 1583 1197 1646 altere

148 1686 295 1749 celeritas
325 1685 492 1750 Picentum
526 1684 715 1749 illustratur.
759 1684 797 1748 In
820 1686 1046 1750 coacervandis
1069 1707 1198 1770 compa-

147 1791 326 1854 rationibus
341 1790 506 1874 Vergilius
521 1812 590 1853 eam
613 1791 718 1874 legem
741 1793 841 1866 tenet,
865 1794 902 1854 ut
924 1812 961 1854 ea
985 1792 1194 1875 comparatio.

149 1917 230 1980 qnae
252 1897 381 1980 gravior
403 1900 468 1977 est,
503 1898 656 1977 sequatur
689 1895 828 1978 reliquas
857 1898 890 1958 et
912 1898 1088 1959 extremum
1113 1897 1198 1960 obti-

149 2003 224 2063 neat
245 2000 360 2074 locum,
384 2021 456 2063 cum
480 2001 526 2062 ita
549 2000 640 2062 valde
663 2003 819 2083 augeatur
840 2001 887 2062 vis
909 2001 1196 2084 comparationum.

148 2104 245 2168 Silius
268 2106 461 2188 quamquam
485 2104 649 2166 nonnullis
670 2104 749 2168 locis
773 2104 835 2167 hoc
858 2107 1065 2188 praeceptum
1080 2108 1197 2181 tenuit,

148 2210 256 2269 tamen
290 2207 363 2270 aliis
403 2207 487 2290 quod
522 2206 649 2289 quidem
690 2208 936 2290 vituperandum
974 2209 1037 2283 est,
1072 2209 1198 2272 inverso

148 2312 258 2375 ordine
282 2309 432 2394 infringit
454 2311 518 2374 vim
542 2311 815 2393 comparationum
840 2311 894 2394 (V.
918 2311 982 2374 280
1004 2333 1068 2395 seq.
1092 2310 1131 2376 X.
1158 2313 1198 2376 10

148 2436 213 2497 seq.
237 2413 309 2478 XV.
333 2415 396 2479 569
418 2437 482 2499 seq.
505 2414 575 2478 XV.
601 2416 664 2479 712
687 2436 753 2496 seq.
775 2413 862 2479 XVI.
890 2416 950 2480 102
970 2415 1063 2499 seq.).
1108 2413 1199 2481 Non·

148 2517 247 2579 nullis
269 2517 347 2581 locis
374 2517 471 2581 Silius
499 2519 685 2602 priusquam
718 2519 925 2602 explicatiore
947 2521 1049 2582 utitur
1071 2540 1198 2605 compa-

149 2623 293 2699 ratione,
327 2622 502 2705 imaginem
525 2621 628 2699 affert,
660 2643 741 2705 quae
781 2623 927 2704 sequenti
959 2624 1199 2707 comparatione

150 2727 383 2810 quodammodo
419 2727 589 2810 repetitur:
625 2726 648 2789 Ι.
674 2726 737 2791 358
770 2727 887 2790 11360
910 2747 991 2809 seq.;
1025 2726 1111 2791 XIII.
1136 2728 1199 2794 238

150 2833 183 2894 11
206 2831 269 2893 240
291 2852 355 2914 seq.

236 2933 312 3000 Non
336 2935 476 2998 alienum
498 2934 624 2997 videtur
647 2935 688 2997 ab
710 2934 768 2999 hac
791 2956 825 2998 re
842 2935 953 3018 paucis
968 2934 1074 2998 verbis
1089 2935 1199 3018 dispu-

150 3043 220 3102 tare
243 3037 282 3102 de
312 3039 433 3116 ordine,
465 3039 520 3122 qui
554 3038 725 3103 intercedit
748 3040 832 3103 inter
865 3039 1138 3122 comparationem
1170 3043 1202 3103 11

151 3163 218 3205 rem
243 3144 472 3226 comparatam,
496 3144 527 3204 et
550 3142 588 3205 de
611 3142 680 3206 loco
705 3164 812 3205 versus
830 3140 914 3205 unde
926 3141 1054 3204 initium
1069 3141 1202 3225 capiunt

152 3247 418 3331 comparationes.

237 3350 394 3415 Omnibus
417 3348 483 3412 fere
507 3348 585 3413 locis
607 3352 840 3434 comparationi
860 3355 935 3414 ante
952 3351 1037 3415 cedit
1051 3370 1100 3412 res
1116 3369 1199 3412 com·

152 3460 275 3540 parata,
298 3456 409 3520 novies
431 3457 561 3518 tantum
586 3455 757 3519 decessisse
780 3456 821 3518 ab
844 3455 902 3519 hac
925 3455 994 3539 lege
1017 3454 1129 3519 Silium
1152 3453 1201 3516 in·

150 3562 241 3638 vevi3
271 3567 348 3626 sunt
370 3581 444 3624 vero
466 3560 499 3623 hi
523 3561 601 3624 loci:
631 3559 687 3622 III.
714 3560 774 3623 192
798 3580 863 3644 seq.
886 3558 942 3624 III.
967 3560 1029 3623 208
1053 3579 1119 3642 seq.
1143 3555 1200 3622 HI.

152 3664 213 3728 307
226 3686 291 3748 seq.
308 3663 363 3728 Ill.
377 3664 441 3728 483
453 3686 518 3746 seq.
535 3663 589 3730 IV.
604 3665 665 3728 275
679 3685 744 3746 seq.
762 3662 814 3728 IV.
833 3664 895 3728 563
908 3685 974 3747 seq.
990 3662 1046 3726 VI.
1063 3664 1121 3728 181
1137 3683 1202 3745 seq.

152 3767 191 3832 X.
215 3772 233 3831 2
258 3789 322 3852 seq.
346 3767 434 3832 XVI.
459 3769 500 3833 96
524 3789 589 3851 seq.

238 3871 369 3937 Initium
404 3873 536 3956 capiunt
569 3872 741 3956 pleraeque
775 3872 1054 3955 comparationum
1092 3869 1134 3932 ab
1167 3868 1200 3931 in

151 3980 247 4040 eunte
270 3998 371 4040 versu.
418 3975 591 4041 Nonnullis
614 3997 689 4039 vero
712 3976 791 4039 locis
813 3976 899 4041 hanc
921 3995 1067 4039 normam
1092 3973 1204 4057 negle-

150 4081 199 4145 xit
221 4080 327 4145 Silius.
370 4079 538 4166 incipiunt
560 4081 645 4143 euim
668 4085 740 4145 octo
764 4080 1019 4163 comparationes
1041 4079 1115 4160 post
1133 4097 1204 4142 cae-

151 4205 256 4249 suram
289 4183 562 4268 penthemimeren
592 4182 646 4247 lll.
671 4184 733 4248 535
757 4203 820 4272 seq.
853 4181 939 4246 VIII.
965 4181 1028 4246 279
1051 4200 1115 4263 seq.
1148 4177 1203 4242 IX.
