2700 4576
650 257 690 322 12

148 423 276 488 lacessit
297 425 352 508 qui
375 426 471 490 nimis
493 428 704 494 cunctabatur
726 432 758 494 et
776 431 927 496 dimicare
943 432 1121 498 verebatur.
1164 431 1196 497 ls

148 529 254 590 autem
283 527 413 592 cohibet
443 551 516 594 suos
545 532 663 597 milites
692 555 797 617 neque
831 536 954 620 patitur
983 555 1096 600 manus
1121 556 1195 600 cum

147 629 294 696 hostibus
316 632 457 699 conseri:

691 739 755 806 Ceu
778 745 871 808 nocte
892 744 952 808 sub
974 748 1045 809 atra

276 839 410 906 Munitis
432 845 542 927 pastor
562 845 696 910 stabulis
717 867 775 930 per
798 848 894 912 ovilia
916 848 1040 913 clusum

276 944 459 1030 Impevidus
481 948 584 1012 somni
607 952 713 1014 servat
737 971 849 1035 pecus3
872 951 970 1016 effera
992 951 1093 1015 saevit

278 1049 386 1134 Atque
408 1052 547 1136 impasta
568 1055 673 1118 truces
696 1054 837 1119 ululatus
858 1056 954 1119 turba
975 1056 1127 1139 luporum

276 1152 412 1219 Exercet
434 1177 605 1240 morsuque
627 1159 733 1241 quatit
755 1161 910 1223 restantia
933 1159 1082 1224 claustra.

148 1256 283 1342 Singula
305 1258 351 1322 ita
373 1260 434 1323 eibi
457 1262 670 1346 respondent:
1018 1244 1022 1254 „

184 1377 341 1434 Fabius-
362 1379 481 1436 Romani
498 1382 604 1438 milites
624 1414 657 1422 —
677 1381 822 1438 Hannibal
840 1401 903 1438 cum
923 1382 980 1438 suis
999 1383 1153 1440 militibus:

190 1472 338 1538 pastor-
443 1488 527 1541 pecus
580 1506 585 1515 ι
623 1500 657 1512 -
802 1473 887 1528 turha
905 1473 1044 1542 luporum.

149 1573 301 1640 Oouleras
322 1580 487 1660 praeterea
510 1577 569 1641 hos
587 1578 684 1656 locos,
708 1577 746 1641 ad
761 1600 842 1660 quos
854 1598 965 1660 parem
980 1579 1091 1642 attulit
1103 1581 1198 1663 poeta

149 1680 363 1763 diligentiam:
385 1680 409 1746 I.
432 1683 493 1746 687
518 1704 583 1766 seq.
613 1681 654 1746 Il.
680 1683 720 1745 73
744 1704 808 1766 seq.
830 1681 869 1745 ΙΙ.
893 1683 956 1746 289
979 1703 1044 1766 seq.
1067 1681 1108 1747 V.
1132 1683 1196 1747 395

149 1805 215 1867 seq.
238 1783 310 1848 VII.
334 1785 397 1848 254
419 1806 485 1868 seq.
508 1785 577 1849 Vll.
602 1786 662 1849 717
687 1806 752 1868 seq.
777 1783 831 1848 lX.
847 1786 910 1850 605
927 1806 992 1868 seq.
1016 1783 1056 1848 X.
1078 1785 1116 1848 18
1134 1805 1199 1867 seq.

149 1885 189 1950 X.
213 1887 276 1951 124
298 1909 364 1971 seq.
394 1887 433 1952 X.
459 1887 521 1952 164
544 1909 609 1971 seq.
640 1887 680 1952 X.
704 1889 764 1951 241
791 1910 857 1972 seq.
889 1887 929 1952 X.
959 1889 1022 1953 294
1044 1911 1110 1972 seq.
1143 1887 1197 1952 ΧΙ.

149 1989 214 2054 243
237 2011 301 2072 seq.
325 1988 397 2053 XII.
420 1996 439 2055 h'
463 2013 528 2074 seq.
552 1990 640 2055 XlV.
663 1991 726 2054 623
748 2013 814 2074 seq.
839 1989 942 2056 XVII.
967 1993 1026 2056 121
1051 2013 1116 2075 seq.

235 2091 309 2157 Jum
332 2115 430 2158 uuum
453 2115 491 2158 ex
513 2095 552 2158 iis
575 2095 654 2159 locis
667 2094 808 2171 afferam,
826 2096 882 2178 qui
899 2095 1010 2158 melius
1024 2114 1199 2180 congruere

149 2197 311 2261 debebant
333 2219 404 2262 oum
426 2200 465 2262 iis
489 2200 592 2275 rehuS,
616 2220 696 2287 quae
719 2199 928 2263 antecedunt:

238 2299 294 2365 Sil.
317 2301 340 2364 Ι.
365 2304 425 2365 421
451 2326 517 2387 seq.
561 2302 698 2382 Murrus,
723 2306 890 2386 postquam
915 2302 1034 2366 multos
1056 2300 1199 2365 Kartha-

151 2405 350 2488 geuiensium
382 2407 553 2485 interfecit,
591 2408 697 2491 ipsum
732 2407 949 2470 Hannibalem
984 2410 1137 2492 provocet
1159 2407 1198 2472 ad

152 2510 379 2592 pugnandum:

280 2610 467 2676 Fulmineus
489 2633 546 2677 eeu
568 2613 737 2698 Spartanis
758 2614 929 2678 latratibus
952 2616 1042 2677 actus

280 2716 385 2793 Quum
408 2719 519 2782 silvam
543 2739 675 2783 occursu
698 2724 871 2784 venantum
895 2719 1042 2802 perdidit,
1066 2717 1154 2783 hirto

280 2821 446 2886 Horrescit
468 2822 564 2885 saetis
586 2821 679 2886 dorso
703 2826 736 2885 et
759 2824 921 2905 postrema
945 2821 1082 2905 capessit

281 2925 416 3003 Proelia,
441 2934 608 2991 canentem
633 2927 787 2991 mandens
810 2947 887 3010 aper
912 2947 967 2990 ore
990 2946 1150 2989 cruorem:

279 3029 416 3114 Jamque
439 3032 540 3115 gemit
563 3031 731 3115 geminans
754 3032 867 3095 contra
889 3029 1048 3095 venabula
1062 3030 1200 3094 dentem.

152 3130 484 3216 Quamquam.altera
521 3155 595 3218 pars
624 3134 873 3218 comparationis
901 3133 1113 3217 vituperanda
1135 3153 1202 3196 nou

153 3239 218 3314 est,
254 3238 342 3320 prior
365 3259 428 3301 nou
459 3239 619 3302 consentit
649 3259 720 3302 cum
743 3240 792 3315 ile,
817 3259 898 3321 quae
919 3237 1120 3301 antecedunt.
1166 3236 1200 3300 Si

152 3343 318 3423 urgeretur
341 3340 470 3406 Murrus
493 3364 516 3406 a·
541 3341 865 3426 Karthaginiensibus
898 3346 930 3406 et
951 3343 998 3405 ite
1019 3341 1053 3403 in
1077 3339 1202 3404 Hunni-

153 3443 257 3507 balem
286 3445 479 3523 incurreret,
514 3447 594 3509 hene
616 3466 667 3509 ree
690 3467 722 3509 se
747 3446 896 3522 haberet,
929 3444 982 3508 sed
1005 3442 1089 3527 quod
1113 3443 1202 3508 nullo

152 3549 284 3630 cogente
305 3548 463 3632 impetum
485 3548 573 3626 facit,
597 3551 795 3633 comparatio
812 3570 876 3614 nou
892 3548 969 3611 satis
982 3549 1132 3611 accurata
1143 3550 1202 3615 est.

239 3650 383 3715 Tertium
406 3653 666 3736 comparationis,
690 3654 774 3737 quod
798 3653 927 3729 dieitur,
951 3671 1146 3734 quemquam
1168 3651 1224 3715 in¹

153 3776 188 3821 re
210 3755 400 3819 illustranda
422 3756 509 3820 etin
534 3758 774 3839 comparatione
806 3757 903 3820 dehet
935 3756 1056 3832 inesse,
1089 3753 1203 3817 inille

153 3880 219 3923 uon
257 3858 419 3924 invenitur
449 3857 503 3922 sed
526 3880 543 3922 e
567 3861 805 3944 comparatione
836 3861 964 3921 tautum
997 3855 1069 3919 elici
1096 3856 1204 3940 potest

154 3962 319 4026 nonnullis
341 3962 436 4037 locis;
458 3960 496 4028 cl.
520 3961 561 4026 V.
585 3951 649 4027 384
672 3984 737 4046 seq.
762 3969 795 4028 et
817 3962 873 4028 VI.
896 3962 956 4025 321
982 3980 1048 4042 seq.

238 4065 331 4130 Haud
354 4086 427 4129 rure
451 4068 564 4149 potitae
587 4067 669 4150 epici
694 4089 742 4131 ree
765 4069 799 4131 in
813 4063 1107 4149 comparationibus
1130 4083 1200 4146 pro·

150 4169 231 4236 latas
262 4168 358 4234 letius
382 4173 617 4252 persequuntur
639 4190 734 4253 quam
757 4192 838 4256 opus
860 4173 923 4247 est,
951 4167 1042 4251 quusi
1066 4185 1132 4229 rem
1155 4165 1204 4228 in-
