2700 4576
605 252 713 342 ..¹5v
797 242 820 280 Γ

10 455 13 473 ·
112 488 113 492 ,
142 422 362 505 quaestionem
385 423 431 487 ita
453 424 631 511 instituam,
655 427 701 489 ut'
715 426 820 509 priore
850 428 954 512 capite
984 430 1022 493 de
1046 451 1189 509 numero,

20 528 24 534 ’
76 595 83 614 ι
142 525 301 604 materiis,
332 527 460 591 ratione·
488 529 699 612 grammatica
728 523 1006 614 comparationum
1027 533 1190 616 disseram,
1264 543 1268 549 ’

141 628 254 721 altero·
272 632 460 712 ostendam,·
490 654 570 716 quos
601 638 755 717 sequatur
787 633 884 700 Silius
916 641 1027 721 politas
1061 642 1093 704 et
1127 659 1190 723 qua

140 728 287 828 imitandi
310 734 434 800 ratione
452 738 578 800 utatur.

563 1066 708 1153 Caput
740 1068 768 1151 L

230 1237 335 1313 Quum
358 1239 428 1316 Silii
446 1239 554 1305 1101101
576 1263 679 1306 sermo
701 1241 797 1306 nimis
819 1243 944 1307 ieiunus
964 1244 1007 1308 sit
1023 1247 1056 1308 et
1068 1245 1192 1328 langui·

142 1343 210 1418 dus,
234 1344 376 1427 adeoque
398 1348 506 1409 careat
528 1347 637 1429 vigore
660 1349 693 1410 01
712 1347 891 1426 alacritate,
915 1353 1033 1412 utnon
1054 1349 1190 1412 multum

141 1447 301 1532 discrepet
323 1469 342 1511 a
363 1471 509 1514 sermone
532 1451 647 1526 soluto,
671 1452 755 1534 quod
779 1472 897 1535 paucas
919 1453 946 1516 si
971 1453 1099 1536 quidem
1122 1475 1192 1516 ver·

143 1573 234 1616 sunm
258 1575 428 1618 numerum
442 1555 575 1638 respicis
592 1556 849 1638 comparationes
864 1557 971 1634 babet,
995 1558 1112 1621 mirum
1126 1579 1191 1622 non

143 1660 202 1722 est.
246 1656 325 1721 Cum
349 1659 433 1721 enim
457 1660 491 1722 in
515 1657 589 1722 Val.
612 1658 719 1723 Flacci
749 1660 992 1742 Argonauticon
1022 1662 1113 1726 libris
1136 1663 1192 1746 qui

143 1760 228 1825 5600
258 1759 444 1824 efficiuntur
477 1760 621 1824 versibus
654 1763 713 1825 lll
748 1763 850 1826 insint
883 1764 1140 1848 comparationes
1160 1768 1193 1830 et

143 1863 222 1947 Pap.
246 1861 369 1926 Statius
390 1864 424 1926 in
451 1864 555 1928 10872
579 1863 762 1929 Thebaidos
784 1868 817 1929 et
837 1866 1033 1932 Achilleidos
1049 1869 1192 1933 versibus

144 1967 357 2046 1291101001,
382 1966 479 2031 Silius
502 1969 536 2031 in
560 1970 666 2033 12216
690 1970 834 2034 versibus
863 1973 1191 2039 1161011111011011.

231 2069 344 2154 Neque
377 2070 513 2154 singulis
541 2071 575 2135 in
607 2072 698 2135 libris
720 2072 793 2138 Silii
816 2076 1094 2157 comparationum
1116 2097 1194 2140 con·

141 2178 231 2238 stans
265 2195 416 2238 numerus
447 2177 512 2252 est,
543 2175 595 2239 sed
628 2196 687 2258 pro
713 2177 897 2240 diversitate
925 2180 1080 2243 sermonis
1103 2179 1193 2245 valde

142 2278 259 2342 differt.
306 2276 370 2342 Ubi
393 2279 491 2362 paulo
519 2279 657 2343 vividior
679 2284 769 2344 extat
795 2302 899 2345 sermo
922 2285 955 2344 01
978 2284 1097 2347 maiore
1120 2283 1193 2347 dili·

141 2383 250 2466 gentia
262 2382 454 2458 elaboratus,
467 2383 513 2446 ibi
530 2382 713 2467 frequentia
728 2385 869 2448 admixta
881 2387 956 2448 sunt
968 2385 1046 2450 baec
1059 2388 1191 2467 lumina,

143 2489 181 2550 ut
199 2487 247 2550 ita
269 2486 373 2549 dicam
402 2488 574 2565 sermonis,
608 2488 664 2552 ubi
695 2493 841 2552 austerus
868 2491 901 2552 01
933 2490 1038 2567 exilis,
1071 2513 1191 2575 paucae

137 2591 269 2651 tantum
292 2588 506 2652 admittuntur
536 2591 800 2674 comparationes,
846 2590 892 2655 Ut
913 2594 1094 2677 exemplum
1116 2593 1194 2658 affe·

143 2715 222 2769 ram,
245 2691 328 2755 liber
357 2693 512 2776 septimus
543 2696 800 2777 quattuordecim
828 2698 960 2759 ornatus
983 2700 1032 2761 001
1063 2719 1192 2783 compa-

142 2796 331 2874 rationibus,
359 2816 431 2858 0111
462 2799 527 2860 1100
548 2800 675 2859 tantum
704 2798 806 2860 insint
828 2797 862 2860 in
885 2797 969 2863 libro
992 2803 1100 2877 sexto,
1136 2801 1191 2867 ubi

142 2900 239 2966 Silius
262 2898 389 2962 Marum
413 2900 605 2983 armigerum
628 2901 745 2984 Reguli
769 2899 904 2966 Serrano
935 2903 1022 2967 illius
1051 2903 1119 2969 filio
1141 2927 1191 2969 res

141 3006 176 3068 in
200 3005 305 3088 primo
328 3003 413 3067 bello
437 3003 559 3069 Punico
583 3008 690 3089 gestas
713 3008 898 3069 narrantem
920 3005 1013 3091 facit,
1046 3008 1191 3073 oratione

142 3129 224 3192 quae
248 3106 337 3170 nulla
360 3108 515 3174 varietate
538 3109 690 3173 distincta
712 3113 771 3173 est.
815 3109 914 3174 Recte
936 3111 1125 3178 Eustathius
1147 3113 1192 3176 di·

140 3213 327 3277 versitatem
356 3213 481 3277 numeri
510 3215 787 3298 comparationum
816 3213 851 3278 in
873 3215 973 3278 Iliade
996 3217 1029 3279 01
1050 3215 1192 3300 Odyssea

142 3318 284 3402 explicat
306 3317 357 3380 bis
370 3317 490 3385 verbis:
514 3316 598 3380 ὅπου
619 3321 679 3398 μὲν
700 3315 739 3384 οὐ
760 3316 866 3380 πολλὰ
888 3319 926 3381 cd
949 3319 1131 3400 πράγματα,
1153 3317 1192 3384 οὗ

141 3417 264 3493 πολλὰς
285 3422 473 3500 παρεισάγει
496 3415 703 3502 παραβολάς·
727 3420 813 3483 ἔνθα
832 3419 1028 3484 1111000110
1044 3414 1192 3504 πραγμά-

140 3543 203 3585 των
223 3522 289 3586 dart
309 3522 476 3598 πλεονάζει
498 3528 552 3586 καὶ
574 3524 790 3608 accomodate.

230 3625 322 3701 Quod
344 3628 463 3692 attinet
485 3629 525 3694 ad
547 3651 717 3694 numerum
734 3649 894 3708 versuum,
917 3630 1033 3712 quibus
1046 3632 1192 3716 singulae

141 3730 327 3796 efficiuntur
357 3735 631 3817 comparationes,
669 3754 734 3797 uon
764 3754 885 3818 paucae
913 3755 1014 3798 unum
1036 3736 1088 3799 vel
1112 3736 1191 3801 duos

140 3857 252 3900 versus
273 3836 428 3921 implent3
450 3838 783 3915 11110010101111021,
807 3838 950 3921 quinque
965 3839 1016 3917 20,
1039 3844 1192 3924 quattuor

140 3941 182 4006 25
205 3939 399 4005 efficiuntur.
443 3940 539 4007 Hunc
562 3943 751 4026 plerumque
774 3963 941 4006 nnmerum
963 3964 1103 4009 servasse
1126 3945 1192 4010 Va·

139 4044 255 4108 larium
286 4041 436 4108 Flaccum
465 4046 665 4111 demonstrat
687 4045 862 4109 Bussenius
890 4045 912 4108 l.
934 4066 961 4109 c.
984 4068 1058 4132 pag.
1082 4049 1102 4112 3
1124 4070 1190 4132 seq.

140 4146 217 4213 Tres
245 4149 502 4233 comparationes
525 4149 594 4216 Silii
630 4153 771 4234 septem,
805 4152 871 4214 tres
901 4170 1016 4216 novem
1044 4174 1191 4216 veranum
