2700 4576
682 242 723 321 28

260 419 499 505 Nonnunquam
525 418 649 486 decedit
670 423 711 486 ab
735 424 923 509 exemplari,
948 425 1034 509 quod
1056 446 1124 490 eam
1150 444 1223 488 sen·

173 527 326 606 tentiam,
360 548 441 610 quae
464 528 497 590 in
520 526 576 591 illo
607 529 760 612 primaria
789 535 852 608 est,
886 527 963 593 iacit
985 530 1220 593 secundarium:

173 628 269 715 Verg.
291 632 371 696 Aen.
394 630 433 695 X.
459 634 521 696 603
543 653 608 716 seq.
636 671 671 680 -
696 632 753 696 Sil.
776 632 832 697 VI.
858 634 919 698 321
943 655 1009 718 seq.
1116 652 1128 665 ·

258 733 330 801 Jam
361 735 539 812 videamus,
576 736 736 819 quomodo
767 736 909 820 singulas
938 759 987 800 res
1009 736 1154 800 imitatus
1178 736 1222 802 sit

118 873 121 879 ·
173 840 207 901 et
228 838 344 922 quibus
366 838 511 902 artificiis
531 839 565 902 in
589 839 824 923 exemplaribus
847 841 912 902 suis
942 841 1156 925 exprimendis
1178 841 1222 905 sit

173 963 256 1008 usus.
303 940 416 1027 Neque
446 964 520 1008 vero
552 945 659 1008 omnia
681 944 851 1028 complecti
872 945 905 1008 in
929 947 1036 1009 animo
1059 946 1140 1009 mihi
1162 949 1220 1024 eet,

172 1046 224 1112 sed
247 1048 470 1112 usitatissimae
493 1070 543 1112 res
565 1049 678 1112 afferre
702 1048 805 1113 habeo
828 1049 915 1113 setis.

259 1149 428 1216 Omittitur
451 1175 470 1216 a
492 1152 580 1232 Silio,
604 1166 685 1236 quae
708 1156 796 1217 extat
818 1155 852 1216 in
875 1153 1050 1238 exemplari
1065 1152 1220 1236 temporis

172 1256 381 1340 significatio:

172 1358 267 1444 Verg.
292 1363 370 1425 Aen.
393 1359 432 1424 X.
466 1361 546 1424 272:
581 1383 645 1426 non
681 1383 770 1426 secus
803 1382 839 1424 ae
874 1361 995 1446 liquida
1028 1361 1053 1426 si
1091 1360 1219 1445 quando

216 1469 309 1530 noete
332 1469 493 1542 cometae;

173 1570 227 1632 Sil.
242 1569 265 1635 I.
276 1573 356 1636 461:
380 1569 476 1635 Crine
492 1574 529 1635 nt
544 1569 735 1634 flammifero
752 1574 853 1635 terret
868 1570 937 1634 fera
951 1592 1052 1656 regna
1065 1573 1220 1650 cometes3

171 1674 222 1740 vel
245 1675 439 1759 significatio
462 1676 540 1739 loci:

171 1774 269 1861 Verg.
296 1779 375 1843 Aen.
399 1777 438 1842 X.
464 1777 542 1843 707:
568 1778 606 1842 de
629 1779 793 1842 montibus
815 1778 889 1842 altis

172 1882 271 1946 Actus
294 1903 381 1966 aper,
405 1882 523 1946 multos
546 1880 682 1946 Vesulus
706 1904 800 1966 quem
823 1881 942 1966 pinifer
965 1903 1066 1946 annos

173 1985 326 2050 Defendit
349 1987 505 2050 multosve
528 1985 619 2070 palus
642 1985 817 2050 Laurentia
840 1986 929 2050 silva.

171 2089 227 2153 Sil.
241 2093 267 2154 I.
280 2090 360 2155 421:
385 2089 487 2165 Quum
513 2089 624 2153 silvam
641 2111 772 2155 occursu
788 2094 960 2154 venantum
977 2090 1116 2175 perdidit
1127 2111 1219 2175 aper;

171 2196 235 2277 ant,
268 2194 322 2257 ubi
344 2195 378 2257 in
402 2193 578 2278 exemplari
602 2215 655 2256 eae
678 2194 931 2278 significationes
952 2215 1018 2258 non
1041 2195 1168 2274 insunt,
1199 2215 1219 2258 a

171 2297 249 2362 Silio
272 2299 472 2362 adiciuntur:

170 2402 265 2486 Verg.
289 2403 369 2466 Aen.
393 2401 432 2466 II.
458 2402 533 2466 472:

169 2505 301 2590 Frigida
324 2507 383 2570 sub
406 2509 492 2570 terra
515 2527 610 2590 quem
633 2506 746 2570 bruma
769 2505 911 2589 tegebet3

169 2607 226 2675 Sil.
248 2608 319 2675 XII.
344 2614 379 2674 6:

170 2715 300 2780 condita
328 2714 441 2778 bruma
471 2713 555 2778 Dum
588 2712 731 2798 Rhipaea
762 2714 866 2798 rigent
891 2713 1058 2798 Aquilonis
1086 2713 1217 2777 flamina

171 2817 300 2884 Evolvit
323 2840 452 2903 serpens
473 2817 632 2900 membm3

170 2920 270 3007 Verg.
294 2923 375 2988 Aen.
397 2921 437 2986 X.
462 2923 538 2987 406:
563 2944 600 2986 ae
622 2922 709 2987 velut
730 2959 774 2970 -

171 3024 325 3110 Dispersa
346 3025 494 3088 immittit
517 3025 606 3089 silvis
628 3026 777 3090 incendia
798 3028 925 3110 past0r3

171 3128 228 3194 Sil.
250 3129 307 3194 IX.
332 3128 412 3195 605:

169 3228 247 3298 Non
269 3234 363 3298 aliter
386 3232 487 3298 Pindo
509 3232 702 3319 Rhodopeue
721 3234 870 3298 incendia
889 3239 998 3318 pastor
1010 3255 1109 3319 quum
1123 3234 1217 3312 iacit3

170 3341 242 3417 ant,
283 3359 378 3422 quam
409 3338 443 3401 in
474 3338 648 3422 exemplari
687 3337 811 3402 invenit
844 3339 906 3403 loci
939 3338 1215 3422 significationem,

170 3462 239 3505 eam
262 3441 355 3504 reicit
377 3445 410 3503 et
432 3440 526 3504 aliam
552 3460 611 3525 pro
635 3462 672 3503 ea
693 3443 844 3525 usurpat:

168 3541 267 3628 Verg.
290 3542 372 3608 Aen.
393 3541 448 3608 lx.
474 3544 552 3608 710:

169 3645 255 3711 Talis
276 3647 308 3710 in
334 3644 478 3711 Euboico
502 3647 651 3711 Baiarum
672 3645 783 3725 litore3

169 3750 225 3817 sil.
246 3751 303 3816 IV.
329 3752 408 3816 295:

168 3852 261 3920 Haud
283 3855 377 3920 aliter
398 3859 520 3921 structo
542 3855 706 3941 Tyrrhena
728 3856 768 3920 ad
790 3856 886 3921 litora
908 3877 993 3921 saxo.

255 3956 349 4022 Haud
371 3979 459 4036 raro,
494 3960 549 4024 nbi
571 3961 606 4025 in
629 3961 804 4046 exemplari
825 3960 1005 4044 complures
1027 3958 1138 4023 insunt
1160 3979 1217 4024 no-

167 4061 280 4140 tiones,
302 4083 399 4126 unam
422 4066 547 4127 tantum
572 4064 606 4129 in
629 4086 721 4129 sunm
744 4067 933 4129 convertens
955 4084 1055 4140 nsum,
1078 4064 1217 4148 reliquas

168 4169 228 4230 aut
249 4166 358 4247 abicit,
381 4170 437 4230 ant
460 4167 531 4232 aliis
554 4168 593 4233 ed
616 4168 689 4233 illas
711 4169 904 4254 supplendas
928 4167 1045 4230 utitur:
