2700 4576
666 283 686 357 4

148 464 283 548 eugendi
305 463 408 546 gratia
431 464 533 527 abiis
555 424 748 548 usurpentur
772 454 875 550 neque
906 453 1126 552 perspicuitati
1149 465 1210 542 in·,

149 569 298 632 serviant.
345 568 511 633 Decedunt
533 590 570 633 eo
593 570 690 632 etiam
713 593 732 632 a
754 571 880 634 ratione
905 569 1083 652 Homerica,
1115 571 1200 656 quod

148 692 212 734 non
236 693 332 755 quam
352 671 603 755 simplicissimas
618 676 806 756 proponunt
822 674 916 738 nobis
931 675 1198 758 comparationes,
1294 736 1297 742 ,

148 776 203 840 sed
234 796 362 859 operam
392 776 426 838 in
456 797 494 838 eo
525 780 719 839 consumunt
748 780 785 839 ut
812 779 993 842 doctrinam
1016 759 1211 856 ostendant,-

148 902 211 964 quo
236 880 340 943 studio
364 880 466 962 magis
489 879 678 943 obscuratur
700 902 805 945 sermo
829 903 925 964 quam
947 882 1137 946 illustratur.

234 985 366 1049 Praeter
379 983 624 1047 ³Alexandrinos
646 981 754 1058 Latini
778 1004 905 1068 quoque
928 989 1041 1067 politae
1058 985 1140 1070 epici
1158 986 1200 1048 ad

148 1089 325 1154 Homerum
347 1111 381 1152 se
394 1089 649 1172 applicaverunt.
693 1088 854 1170 Vergilius
868 1092 901 1154 et
914 1093 1086 1174 argenteae
1103 1111 1199 1173 quam

148 1195 264 1257 vocant
284 1191 399 1256 aetatis
427 1195 540 1275 politae
563 1191 643 1274 epici
668 1213 823 1255 summam
847 1213 978 1277 operam
1002 1195 1035 1258 et
1058 1193 1200 1256 studium

147 1297 187 1362 ad
210 1295 465 1380 comparationes
495 1296 705 1360 elaborandas
734 1296 961 1376 contulerunt,
993 1297 1040 1361 ita
1061 1296 1200 1380 quidem,

147 1405 185 1464 ut
207 1401 285 1465 alias
307 1403 447 1483 sumptas
470 1421 509 1463 ex
531 1398 671 1464 Homero
694 1401 857 1464 variarent
878 1403 911 1465 et
933 1399 1203 1465 coloribusorna-

149 1510 232 1584 rent,
255 1506 333 1569 alias
354 1505 416 1589 ipsi
438 1504 631 1568 invenirent.

237 1609 317 1674 Cum
339 1629 406 1672 non
437 1607 609 1686 defuerint,
640 1609 695 1693 qui
728 1610 984 1693 comparationes
1012 1609 1201 1675 Homericae

150 1714 312 1779 subtiliter
335 1711 592 1796 pervestigarent
611 1715 644 1775 et
666 1713 704 1776 de
722 1713 866 1799 materiis
883 1715 916 1776 et
935 1713 973 1776 de
991 1713 1203 1796 grammatica

150 1816 276 1880 ratione
291 1816 502 1879 instituerent
518 1816 720 1898 quaestiones
729 1815 761 1896 1),
779 1816 817 1879 de
833 1816 995 1900 epicorum
1010 1813 1200 1879 Latinorum

151 1919 445 2005 comparationibus
468 1923 621 2002 quattuor
642 1922 769 1982 tantum
793 1920 983 2003 prodierunt
1004 1924 1203 1984 commenta-

150 2028 255 2091 tiones
264 2024 299 2103 2).
343 2022 410 2087 Hac
433 2025 472 2088 de
494 2043 607 2101 causa,
637 2045 710 2088 cum
743 2045 801 2108 per
829 2026 1007 2108 compluria
1037 2027 1203 2089 semestris

150 2133 185 2196 in
207 2132 371 2215 epicorum
394 2127 582 2192 Latinorum
615 2130 810 2192 carminibus
839 2129 984 2212 legendis
1014 2130 1073 2193 sim
1097 2151 1202 2194 versa-

151 2239 213 2313 tus,
237 2236 276 2299 de
297 2233 591 2317 comparationibus
612 2231 697 2315 apud
712 2230 826 2295 Silium
841 2231 989 2296 Italicum
1008 2254 1113 2317 agere,
1136 2233 1202 2296 ani·

153 2361 240 2403 mum
262 2338 384 2402 induxi.
431 2334 544 2419 Neque
567 2356 697 2420 operam
720 2335 853 2420 perdere
876 2335 954 2400 mihi
977 2337 1086 2401 videor
1103 2358 1201 2421 quum

152 2444 215 2506 nisi
237 2442 439 2525 singulorum
462 2443 630 2523 poetarum
654 2461 712 2503 usu
733 2440 965 2524 circumspecto
979 2440 1123 2524 intellegi
1137 2461 1203 2503 non

154 2568 257 2632 posse,
286 2556 366 2630 qu'os
388 2566 446 2629 per
475 2547 596 2607 aetates
618 2566 806 2628 progressus
828 2543 966 2608 fecerint
987 2548 1021 2609 et
1042 2545 1203 2628 quomodo

154 2654 297 2715 mutatae
319 2651 386 2714 sint
408 2649 685 2733 comparationes,
716 2669 899 2732 persuasum
922 2648 1068 2712 habeam.
1113 2647 1204 2713 Hanc

228 2827 255 2897 1)
274 2825 422 2894 Remacly‚
448 2823 483 2879 de
508 2840 617 2893 compp.
646 2823 756 2878 Homer.
780 2824 854 2893 part.
876 2823 911 2877 ΙΙ.
936 2823 1098 2879 Marcoduri
1125 2824 1203 2879 1848.

155 2916 248 2980 idem,
275 2914 310 2969 de
338 2912 489 2984 generibus
511 2927 621 2980 compp.
649 2910 760 2965 Homer.
786 2909 939 2980 praecipue
965 2911 1000 2966 de
1018 2910 1203 2982 simplicibus.

153 3007 228 3075 part.
246 3003 293 3057 111.
313 3001 427 3055 Bonnae
448 2999 526 3054 1846.
563 2999 598 3053 de
618 2997 736 3064 Velsen,
762 2997 797 3053 de
816 3012 926 3067 compp.
946 2997 1111 3053 Homericis.
1138 2997 1204 3051 diss.
1310 3064 1312 3069 Ι

154 3095 250 3163 inaug.
269 3091 361 3146 Berol.
382 3089 461 3143 1849.
496 3088 616 3157 Passow,
635 3086 670 3141 de
688 3103 798 3156 compp.
817 3086 929 3141 Homer.
947 3086 1012 3141 diss.
1030 3086 1125 3157 inaug.
1152 3086 1204 3140 Be·

153 3183 204 3238 rol.
227 3181 304 3236 1852.
342 3179 503 3242 Lattmann,
523 3176 724 3231 commentatio
744 3175 778 3230 de
796 3177 945 3245 poetarum
963 3174 1132 3230 Graecorum
1152 3175 1205 3228 im-

154 3271 254 3343 primis
281 3267 396 3323 Homeri
421 3264 681 3336 comparationibus
707 3267 737 3320 et·
760 3264 934 3335 imaginibus
957 3279 1052 3334 progr.
1076 3280 1206 3334 gymnas.

153 3357 348 3430 Gottingensis
370 3357 447 3412 1852.
484 3355 594 3420 Altum,
623 3353 823 3409 similitudines
849 3353 964 3408 Homeri
982 3369 1044 3407 cum
1063 3352 1205 3422 Aeschyli,

153 3445 308 3518 Sophoclis,
328 3443 470 3514 Euripidis
483 3445 697 3513 componuntur.
722 3442 786 3495 diss.
804 3441 900 3512 inaug.
919 3439 1009 3495 Berol.
1022 3439 1100 3494 1855.
1138 3439 1206 3496 Ber·

153 3555 212 3609 ger,
231 3533 433 3590 commentatio
452 3532 487 3588 de
504 3549 555 3586 usu
576 3532 722 3587 modorum
738 3533 954 3600 temporumque
967 3528 1043 3599 apud
1053 3528 1206 3585 Homerum

154 3625 184 3678 in
211 3620 476 3692 comparationibus.
505 3619 599 3675 Cellae
621 3620 699 3674 1837.
736 3617 952 3682 Friedlaender,
982 3616 1128 3688 beitraege
1158 3634 1207 3670 aur

153 3712 286 3769 henntnie
311 3711 361 3766 der
388 3709 585 3765 Homerischeu
611 3707 794 3779 gleichnisse;
825 3724 919 3778 progr.
939 3723 1066 3777 gymnas.
1085 3704 1206 3761 Frideri·

154 3801 229 3858 ciani
248 3800 340 3856 Berol.
361 3800 440 3854 1870.

227 3892 256 3960 2)
275 3890 354 3960 Jeep,
373 3888 408 3944 de
427 3888 517 3943 forma
533 3886 778 3958 comparationum
797 3884 873 3956 apud
890 3882 1049 3954 Vergilium
1069 3901 1207 3956 gramma·

151 3980 218 4038 tica.
238 3995 331 4049 progr.
350 3995 446 4049 gymn.
466 3977 661 4033 Holamindeni
676 3976 753 4031 1826.
790 3973 921 4045 Eppelin,
940 3974 1010 4028 iiber
1024 3972 1071 4029 die
1087 3971 1209 4045 verglei-

154 4069 285 4137 chungen
304 4065 351 4121 bei
370 4065 477 4136 Vergil.
497 4065 574 4120 Lahr
585 4065 661 4120 1862.
698 4063 815 4128 Kranae,
833 4063 868 4118 de
877 4061 909 4117 P.
922 4061 991 4132 Pap.
1001 4061 1088 4117 Statii
1097 4078 1208 4132 compp.

152 4156 250 4228 epicis.
270 4155 335 4209 diss.
353 4153 449 4224 inaug.
468 4152 548 4209 Halia
562 4153 626 4208 Sar.
643 4153 720 4208 1871.
759 4148 919 4215 Bussenius,
938 4149 973 4204 de
992 4148 1101 4205 Valerii
1115 4147 1210 4204 Flacci

152 4244 182 4303 iu
202 4243 370 4301 adhibendis
388 4259 499 4312 compp.
518 4259 579 4296 usu.
599 4241 663 4300 diss.
683 4239 780 4310 inaug.
799 4240 887 4295 Jenae
909 4236 989 4292 1872.
