2700 4576
596 311 600 319 '
676 299 696 362 9

249 475 297 540 De
323 475 419 540 rebus
447 494 530 558 quae
557 473 762 536 illustrantur
791 455 1087 555 comparationibus
1109 491 1210 556 pauca

160 579 258 644 verba
294 579 455 642 faciemus.
511 576 714 642 celeritatem
754 576 917 641 illuminat
956 597 1032 640 usus
1070 576 1210 660 imagine

162 685 247 747 cervi
268 682 325 746 III.
349 682 412 746 294
435 701 501 765 seq.
534 680 584 744 vel
618 681 741 745 Boreae
777 682 810 745 et
843 680 980 764 sagittae
1009 677 1048 743 X.
1075 678 1112 741 10
1135 698 1211 761 seq,

162 788 211 851 vel
233 787 364 851 leaenae
386 785 456 850 XII.
478 786 542 850 458
558 805 634 869 seq-2
656 785 707 849 vel
729 784 867 849 volucris
889 783 1028 849 61116116
1050 780 1212 847 Liburnae

163 891 249 957 XIII.
276 891 339 955 240
362 913 440 974 666,
462 891 513 954 vel
536 892 609 974 equi
633 889 794 974 Olympici
823 887 893 953 XV.
918 889 981 952 210
1004 910 1069 972 seq.
1092 887 1142 952 vel
1164 907 1213 952 66-

163 997 274 1080 gittae,
296 995 452 1074 fulminis,
476 994 580 1057 undae
602 992 674 1071 XV,
697 994 760 1058 569
785 1014 867 1076 666.;
896 992 1131 1077 providentiam
1152 992 1212 1055 tri·

165 1101 224 1164 bus
246 1099 543 1184 comparationibus
566 1099 703 1182 sumptis
726 1119 746 1160 6
768 1098 834 1161 vita
857 1101 1027 1160 nautarum
1052 1099 1085 1160 et
1107 1099 1213 1180 pasto·

165 1226 245 1281 rum,
269 1204 426 1267 illustrat:
461 1202 501 1287 (Ι.
525 1203 588 1266 687
613 1223 678 1284 seq.
699 1201 741 1264 ΙΙ.
765 1202 828 1266 289
852 1222 916 1284 seq.
944 1199 1011 1264 VII.
1038 1201 1099 1265 126
1122 1199 1213 1284 666),
1338 1276 1346 1289 .

163 1308 272 1372 dolum
312 1308 361 1372 bis
383 1308 619 1391 comparatione
650 1306 819 1391 piscatoris
849 1304 902 1388 (V.
927 1306 967 1369 47
991 1327 1057 1388 seq.
1089 1307 1123 1369 et
1145 1303 1214 1370 VII.

165 1413 228 1477 500
250 1411 340 1494 666).
385 1410 554 1475 Ρ16616166
584 1410 775 1475 describitur
804 1408 880 1492 luga
902 1408 957 1493 (ΙΙ.
982 1411 1044 1472 215
1068 1431 1133 1493 seq.
1157 1408 1213 1473 IV.

167 1519 228 1579 302
252 1537 317 1600 666.
340 1515 392 1580 IV.
418 1517 477 1580 331
504 1538 569 1599 seq.
593 1515 632 1580 V.
657 1516 719 1579 280
743 1517 840 1598 seq.),
875 1513 1015 1597 Impetus
1048 1513 1216 1598 pugnandi

89 1706 93 1713 1
166 1619 239 1705 (IV.
264 1620 326 1683 372
350 1641 414 1703 666.
438 1619 494 1684 IV.
518 1621 582 1687 520
606 1641 672 1702 seq.
695 1619 749 1684 IV.
774 1619 837 1683 560
860 1618 960 1703 666),
991 1619 1111 1682 clamor
1134 1637 1217 1702 pug-

166 1725 313 1788 nantium
339 1724 410 1808 (IX.
434 1726 496 1788 305
521 1723 614 1809 666),
636 1724 745 1806 fragor
766 1723 802 1808 (1.
821 1724 883 1787 370
896 1745 960 1806 seq.
984 1722 1040 1787 IV.
1054 1724 1115 1787 295
1128 1721 1217 1806 666),

166 1832 271 1892 161161
294 1827 332 1912 (Ι.
355 1831 414 1892 461
441 1849 507 1911 seq.
529 1828 631 1894 XVII.
655 1830 719 1893 474
741 1829 833 1912 666),
856 1827 929 1891 6116.

256 1930 370 1994 Solent
403 1936 516 2014 666166
553 1932 634 2015 epici
664 1932 713 1995 uti
742 1929 1036 2015 comparationibus
1062 1948 1081 1990 6
1110 1948 1218 1992 rerum

169 2037 286 2098 natura
316 2035 426 2119 petitis
458 2036 497 2099 ad
520 2036 653 2099 affectus
676 2038 709 2098 et
731 2036 830 2099 animi
859 2037 964 2098 motus
987 2032 1217 2118 depingendus.

171 2139 337 2204 Eiusmodi
359 2141 420 2204 loci
443 2140 504 2203 iam
530 2140 613 2224 apud
637 2138 811 2204 Homerum
844 2140 1068 2207 inveniuntur.
1103 2135 1218 2220 quill.

168 2241 224 2307 IV.
247 2243 288 2306 23
311 2266 375 2326 seq.
401 2251 433 2307 et
456 2242 571 2308 XXIII.
596 2244 659 2308 598
683 2265 748 2327 seq.
774 2242 911 2308 Menelai
936 2241 1102 2322 laetitiam,
1125 2239 1218 2305 lx.3

170 2368 235 2430 seq.
260 2347 454 2410 Achivorum
478 2349 655 2424 tristitiam,
678 2346 717 2411 X.
741 2349 842 2432 5seq.
866 2345 1117 2430 Agamemnonis
1134 2343 1219 2426 cogi-

169 2451 320 2528 tationes,
344 2449 477 2515 06111.
503 2452 563 2516 791
588 2474 653 2536 666.
683 2453 908 2516 meditationes
937 2449 1118 2533 Penelopae
1147 2446 1220 2510 illu-

170 2554 260 2616 strat.
306 2550 418 2616 Latius
439 2554 467 2616 is
490 2574 564 2617 usus
586 2556 703 2639 serpsit
725 2556 810 2639 apud
826 2554 1035 2638 Apollonium
1048 2551 1220 2628 Rhodium,

171 2655 228 2739 qui
260 2657 378 2740 septies
411 2657 565 2721 eiusmodi
600 2658 767 2742 usurpavit
803 2657 1073 2742 comparationes.
1130 2653 1220 2717 Duos

170 2759 258 2824 locos
280 2760 364 2844 apud
388 2759 570 2844 Vergilium
593 2763 711 2842 inveni,
735 2764 816 2826 Aen.
841 2761 902 2826 VH
921 2763 1062 2843 462666.
1086 2761 1120 2821 61
1131 2755 1219 2821 VIII.

171 2866 212 2929 22
236 2886 312 2948 666,
336 2866 417 2931 duos
439 2866 524 2950 apud
547 2865 661 2930 Silium
684 2866 724 2930 V.
749 2868 811 2931 605
835 2888 898 2949 666.
922 2868 955 2929 61
975 2863 1043 2929 Vll.
1072 2865 1131 2927 143
1155 2884 1221 2946 666.

258 2967 353 3032 Haud
384 2991 456 3034 raro
480 2971 660 3055 complures
689 2971 945 3054 comparationes
968 2967 1007 3030 ad
1031 2988 1127 3030 unam
1154 2987 1221 3028 rem

172 3072 395 3136 illustrandam
418 3079 644 3157 congeruntur.
695 3073 797 3138 Valde
821 3076 869 3138 661
891 3072 1071 3136 mirandum
1086 3070 1172 3154 quod
1187 3071 1222 3133 iu

172 3176 336 3240 nonnullis
358 3177 514 3242 eiusmodi
536 3180 830 3263 comparationibus
856 3178 1038 3261 discrepant
1060 3175 1223 3256 materiae,

171 3302 253 3365 quae
276 3303 314 3344 ex
337 3281 469 3344 diversis
491 3283 569 3347 loeis
592 3285 713 3366 petitae
732 3284 814 3359 sint;
837 3284 881 3346 616
905 3281 960 3345 ΙΗ.
979 3280 1041 3344 227
1057 3301 1121 3363 seq.
1138 3300 1223 3343 eom·

175 3388 308 3469 paratur
330 3386 443 3467 ingens
460 3407 573 3468 agmen
597 3385 790 3452 Hannibalis
810 3385 1001 3471 6116161666
1017 3405 1090 3448 cum
1103 3383 1226 3447 violen-

174 3488 220 3551 tia
242 3488 411 3572 procellae,
446 3488 550 3552 altero
572 3510 646 3553 oum
670 3490 754 3553 bello
778 3489 1002 3566 Troianorum,
1025 3485 1224 3570 comparatio

174 3592 276 3675 igitur
310 3615 328 3656 a
362 3596 478 3658 natura
511 3593 614 3677 petita
647 3595 856 3679 coniungitur
889 3614 961 3657 cnm
997 3590 1224 3676 mythologica.

177 3695 265 3760 Aliae
298 3697 345 3759 ita
379 3699 454 3759 sont
487 3698 683 3782 compositae
714 3701 751 3760 ut
780 3698 918 3762 alterae
940 3699 1055 3759 natura
1085 3694 1224 3772 fluxerit,

176 3802 277 3864 altera
306 3800 472 3864 hominum
502 3801 606 3866 studia
635 3805 759 3885 tangat.
783 3801 834 3887 (Χ.
863 3805 901 3864 10
922 3822 988 3884 666.
1017 3803 1050 3864 61
1071 3798 1138 3863 XV.
1162 3799 1225 3863 569

174 3908 263 3988 666).
308 3901 422 3986 Neque
445 3926 520 3969 vero
543 3905 581 3969 de
605 3906 754 3970 omuibus
775 3907 822 3970 ita
845 3908 893 3970 est
915 3904 1130 3979 statuendum,
1153 3924 1225 3967 oum

174 4009 256 4072 61166
279 4007 398 4070 artiore
420 4006 507 4070 inter
530 4029 563 4072 66
586 4029 686 4072 nexae
708 4009 773 4073 sint
795 4009 934 4086 vinculo,
957 4009 994 4070 ut
1014 4003 1055 4069 II.
1079 4006 1141 4069 215
1159 4026 1226 4089 seq.

174 4111 215 4177 V.
239 4112 302 4177 280
325 4132 391 4194 666.
416 4132 497 4194 6666
521 4134 539 4175 6
562 4115 852 4195 66161666116616,
875 4112 946 4178 XII.
972 4110 1034 4175 186
1050 4130 1115 4192 666.
1138 4108 1224 4174 XIV.

176 4216 238 4280 143
268 4237 334 4299 seq.
368 4213 439 4280 XV.
473 4217 534 4278 712
566 4238 630 4300 seq.
666 4239 747 4301 6666
779 4241 798 4282 6
827 4220 945 4281 natura
974 4213 1126 4278 inanima
1152 4218 1240 4272 aaut
