2700 4576
655 264 692 328 ll

148 436 187 501 41
214 456 278 520 seq.
303 435 357 501 lX.
381 436 445 499 623
467 454 533 519 seq.
556 435 608 500 X.
622 437 661 500 18
684 458 749 519 seq.
772 433 843 499 XV.
868 435 932 500 569
953 456 1019 519 seq.
1041 434 1108 500 XV.
1134 435 1196 501 784

146 563 210 624 seq.
235 539 333 604 XVII.
357 540 418 603 207
432 561 508 623 seq,
531 540 639 605 decem
660 543 734 624 post
756 560 919 603 caesuram
944 539 1196 624 hephthemime·

147 665 203 706 reu
228 641 285 707 III.
309 643 371 707 227
395 664 459 727 seq.
483 641 538 708 IV.
565 647 626 707 372
650 666 715 727 seq.
738 641 779 707 V.
804 643 867 707 280
884 665 950 727 seq.
974 642 1043 706 VII
1059 644 1120 707 126
1132 665 1197 727 seq.

149 745 234 810 VIII.
258 748 320 811 426
345 769 410 830 seq.
435 745 474 810 X.
502 748 562 811 164
585 768 651 831 seq.
675 747 715 811 X.
732 748 795 811 293
812 768 877 830 seq.
900 745 971 811 XII.
989 748 1087 831 (lseq.
1110 745 1196 811 XVI.

147 852 211 915 384
232 874 297 935 seq.
320 850 420 916 XVII.
446 852 505 914 121
529 873 606 935 seq,
626 873 690 915 una
712 855 786 936 post
813 851 1069 915 trithemimcren
1091 871 1199 915 66666-

147 977 216 1019 ram
238 955 325 1021 XVI.
349 958 391 1021 96
415 977 490 1039 seq,
514 977 578 1020 una
600 968 673 1041 post
695 960 856 1040 quartum,
879 977 944 1019 666
966 959 1040 1040 post
1059 957 1197 1040 primum

148 1058 310 1142 dactylum
332 1057 356 1123 1.
380 1059 443 1122 370
466 1080 532 1141 seq.
556 1061 589 1121 et
610 1057 697 1123 XVI.
725 1061 784 1124 102
808 1081 874 1143 seq.

235 1164 350 1237 Paucis
372 1164 451 1226 locis
471 1165 536 1227 rim
561 1164 810 1247 comparationis
838 1184 953 1246 663616
976 1163 1082 1227 studet
1103 1161 1199 1226 Silius

148 1287 219 1329 cum
251 1267 338 1330 addit
368 1267 413 1329 eis
435 1287 560 1329 sensum
591 1267 774 1348 negativum
799 1266 853 1330 Ill.
880 1267 942 1331 227
966 1288 1031 1350 seq.
1053 1264 1110 1332 111.
1136 1266 1197 1329 307

148 1392 213 1453 seq.
237 1370 308 1433 Vll.
334 1372 397 1435 569
421 1392 486 1453 seq.
510 1369 596 1436 VIII.
620 1371 683 1436 426
706 1393 770 1454 seq.
795 1370 848 1436 IX
873 1373 934 1435 319
949 1391 1014 1453 seq.
1037 1369 1198 1434 XIV.l43

148 1496 211 1558 seq.
234 1473 320 1539 XVI.
348 1477 409 1538 102
433 1497 498 1559 seq.

237 1577 388 1661 Sequitur
411 1565 448 1641 61
471 1600 669 1662 quaeramus,
693 1599 756 1662 qua
779 1577 874 1642 Silius
897 1582 965 1644 6116
984 1579 1201 1663 incompara-

151 1682 296 1745 tionibus
318 1683 383 1745 suis
407 1684 636 1766 componendis
658 1705 734 1746 usus
756 1683 808 1746 sit.

235 1786 324 1864 Cum,
347 1787 518 1869 quodiam
542 1787 807 1871 supradiximus,
838 1808 903 1850 non
926 1787 1002 1850 novi
1027 1786 1200 1871 quIcquam

149 1890 444 1975 comparationibus
468 1890 603 1954 addatur
626 1891 765 1954 sermoni
788 1891 843 1953 sed
866 1892 1032 1974 repetatur
1048 1889 1200 1971 cogitatio

149 1996 257 2080 aliqua
289 1996 429 2078 imagine
462 1998 633 2079 usurpata,
669 2001 706 2058 61
728 1997 844 2059 6161161
872 1994 928 2059 1116
951 2000 984 2058 61
1007 1994 1200 2078 perlucidior

150 2098 218 2175 1161,
243 2099 383 2182 pendere
406 2100 664 2182 comparationes
687 2099 727 2161 ab
751 2099 789 2161 iis
812 2099 923 2176 rebus,
962 2097 1001 2162 ad
1024 2119 1103 2181 quas
1126 2098 1200 2161 illu-

149 2202 316 2266 minandas
339 2203 404 2264 sint
427 2203 552 2280 allatae,
576 2224 679 2287 neque
703 2203 863 2266 declinare
879 2203 993 2267 debere
1010 2225 1029 2266 a
1044 2224 1201 2280 sermone,

150 2306 328 2368 luculenter
362 2310 506 2388 apparet.
553 2304 667 2389 Neque
689 2288 774 2370 ⁴vero
806 2326 843 2368 ea
866 2307 917 2369 lex
946 2327 1071 2390 semper
1093 2306 1202 2369 obser·

150 2411 245 2471 vatur
270 2430 288 2470 a
311 2410 424 2491 politis,
456 2409 508 2471 sed
540 2407 623 2472 haud
654 2410 783 2473 6616611
814 2409 921 2493 plures
945 2410 1201 2492 comparationes

152 2510 359 2575 inveniantur
383 2512 466 2595 apud
491 2512 597 2594 epicos
619 2516 741 2595 politas,
763 2534 844 2596 quae
868 2535 886 2576 6
908 2534 984 2575 1616
1006 2534 1042 2577 66
1063 2512 1201 2597 simplici

151 2617 267 2678 natura
290 2615 458 2693 recedunt,
483 2637 578 2698 quam
601 2638 682 2698 quae
705 2620 852 2695 66661616
875 2621 951 2680 6661
972 2615 1201 2697 conformatae,

150 2719 196 2781 ita
218 2721 256 2780 61
278 2719 454 2801 sequantur
476 2719 523 2781 161
545 2718 753 2782 illustrandae
769 2720 922 2783 ordinem.
970 2717 1015 2782 Ut
1030 2738 1202 2803 cognoscas

149 2821 309 2905 quomodo
343 2821 419 2884 haec
443 2822 510 2885 sint
535 2823 760 2905 intellegenda,
785 2825 822 2887 de
846 2824 1012 2887 nonnullis
1034 2843 1202 2906 compara·

150 2927 295 2990 tionibus
319 2928 499 2990 accuratius
522 2926 709 2991 videbimus.
756 2929 801 2991 Ac
824 2928 962 3010 primum
977 2928 1106 3011 quidem
1124 2927 1202 2990 affe·

149 3052 219 3094 ram
242 3031 500 3114 comparationes
523 3053 660 3114 quarum
684 3033 830 3115 singulae
852 3035 960 3114 partes
983 3036 1130 3097 accurate
1155 3055 1203 3096 16-

149 3135 311 3218 spondent
333 3135 379 3197 eis
395 3135 539 3217 partibus
554 3135 718 3212 sermonis,
740 3157 821 3219 quae
835 3137 980 3220 imagine,
987 3135 1202 3200 illustrantur.

237 3237 294 3302 Sil.
318 3237 373 3302 VI.
399 3238 461 3301 329
478 3259 544 3321 seq.
587 3235 807 3322 Xanthippus,
830 3240 886 3321 qui
902 3243 1027 3322 partem
1044 3239 1203 3303 exercitus

151 3341 319 3406 abdiderat
352 3341 427 3404 licto
457 3341 573 3404 timore
595 3343 694 3405 vertit
716 3345 817 3426 16136,
841 3346 879 3406 61
901 3343 1043 3424 11636166
1071 3344 1104 3406 in
1127 3344 1203 3408 iusi·

150 3444 219 3509 dias
244 3445 441 3510 incurreret:

279 3548 374 3612 Haud
398 3569 487 3612 secus
510 3568 546 3612 66
569 3549 705 3615 stabulis
727 3570 904 3634 procurans
923 3551 990 3614 otia
1011 3551 1121 3633 pastor

282 3653 321 3717 In
344 3652 469 3718 foveam
494 3674 590 3737 parco
613 3656 731 3718 tectam
754 3655 911 3719 velamine
932 3655 1056 3719 frondis

279 3757 379 3821 Ducit
401 3762 492 3821 nocta
516 3756 609 3841 lupos
633 3759 755 3841 positae
781 3758 939 3823 balatibus
962 3777 1075 3843 631166.

150 3860 360 3944 Respondent
382 3860 443 3924 sibi
467 3861 594 3943 singula
616 3860 677 3925 hoc
700 3863 812 3927 modo:

149 3981 330 4051 Xanthippus
350 4010 381 4020 -
403 3979 582 4051 Regulus-
601 3981 700 4038 61111116
718 4001 783 4053 pars
798 3985 938 4039 exercitus
957 4013 989 4022 -
1010 3983 1203 4040 fictustimor:

198 4070 295 4139 pastor
350 4099 384 4108 -
422 4068 506 4137 lupus
547 4097 580 4108 -
726 4073 808 4128 fovea
952 4103 985 4113 -
1059 4088 1142 4142 63116.

236 4175 293 4242 Sil.
311 4175 379 4240 Vll.
400 4177 458 4239 126
472 4196 538 4258 seq.
583 4175 747 4243 Hannibal
770 4179 905 4244 Fabium
929 4181 969 4246 od
991 4179 1201 4265 pugnandum
